<?xml version="1.0" encoding="UTF-8"?>
<!DOCTYPE html PUBLIC "-//W3C//DTD XHTML 1.0 Transitional//EN"
    "http://www.w3.org/TR/xhtml1/DTD/xhtml1-transitional.dtd">
<html xmlns="http://www.w3.org/1999/xhtml" xml:lang="en" lang="en">
 <head>
  <title>
</title>
<meta http-equiv="Content-Type" content="text/html;charset=utf-8" />
  <meta name='ocr-system' content='tesseract 3.04.00' />
  <meta name='ocr-capabilities' content='ocr_page ocr_carea ocr_par ocr_line ocrx_word'/>
</head>
<body>
  <div class='ocr_page' id='page_1' title='image "./grammaticacelti04zeusgoog_0604.png"; bbox 0 0 3150 5242; ppageno 0'>
   <div class='ocr_carea' id='block_1_1' title="bbox 533 314 1867 389">
    <p class='ocr_par' dir='ltr' id='par_1_1' title="bbox 533 314 1867 389">
     <span class='ocr_line' id='line_1_1' title="bbox 533 314 1867 389; baseline -0.004 -15"><span class='ocrx_word' id='word_1_1' title='bbox 533 317 553 374; x_wconf 92' lang='grc'>1</span> <span class='ocrx_word' id='word_1_2' title='bbox 579 314 695 375; x_wconf 82' lang='grc'>136</span> <span class='ocrx_word' id='word_1_3' title='bbox 1277 374 1294 389; x_wconf 67' lang='grc'><em>,</em></span> <span class='ocrx_word' id='word_1_4' title='bbox 1525 328 1867 372; x_wconf 49' lang='lat' dir='ltr'>,mm-:Num</span> 
     </span>
    </p>
   </div>
   <div class='ocr_carea' id='block_1_2' title="bbox 830 478 2630 2507">
    <p class='ocr_par' dir='ltr' id='par_1_2' title="bbox 830 478 2536 873">
     <span class='ocr_line' id='line_1_2' title="bbox 831 478 2368 569; baseline -0.004 -25"><span class='ocrx_word' id='word_1_5' title='bbox 831 483 1152 569; x_wconf 73' lang='lat' dir='ltr'>{Benchuir</span> <span class='ocrx_word' id='word_1_6' title='bbox 1185 480 1355 566; x_wconf 67' lang='lat' dir='ltr'>{bona</span> <span class='ocrx_word' id='word_1_7' title='bbox 1387 482 1633 566; x_wconf 57' lang='lat' dir='ltr'>(regula,</span> <span class='ocrx_word' id='word_1_8' title='bbox 1677 478 1698 564; x_wconf 71' lang='grc' dir='ltr'>Π</span> <span class='ocrx_word' id='word_1_9' title='bbox 1735 479 1916 563; x_wconf 51' lang='lat' dir='ltr'>{recta</span> <span class='ocrx_word' id='word_1_10' title='bbox 1946 491 2120 556; x_wconf 85' lang='lat' dir='ltr'>atque</span> <span class='ocrx_word' id='word_1_11' title='bbox 2152 481 2368 551; x_wconf 68' lang='lat' dir='ltr'>divina,</span> 
     </span>
     <span class='ocr_line' id='line_1_3' title="bbox 831 582 2536 669; baseline -0.004 -23"><span class='ocrx_word' id='word_1_12' title='bbox 831 584 1077 669; x_wconf 72' lang='lat' dir='ltr'>{stricta‚</span> <span class='ocrx_word' id='word_1_13' title='bbox 1121 584 1367 666; x_wconf 39' lang='lat' dir='ltr'>,sancta</span> <span class='ocrx_word' id='word_1_14' title='bbox 1413 583 1663 665; x_wconf 59' lang='lat' dir='ltr'>1sedula,</span> <span class='ocrx_word' id='word_1_15' title='bbox 1706 582 1726 668; x_wconf 80' lang='lat' dir='ltr'>fl</span> <span class='ocrx_word' id='word_1_16' title='bbox 1764 582 2036 667; x_wconf 44' lang='lat' dir='ltr'>{summm</span> <span class='ocrx_word' id='word_1_17' title='bbox 2069 586 2236 660; x_wconf 88' lang='lat' dir='ltr'>justa</span> <span class='ocrx_word' id='word_1_18' title='bbox 2265 601 2334 641; x_wconf 90' lang='lat' dir='ltr'>ac</span> <span class='ocrx_word' id='word_1_19' title='bbox 2363 583 2536 640; x_wconf 82' lang='lat' dir='ltr'>mira.</span> 
     </span>
     <span class='ocr_line' id='line_1_4' title="bbox 830 681 2536 770; baseline -0.004 -22"><span class='ocrx_word' id='word_1_20' title='bbox 830 687 1156 748; x_wconf 83' lang='lat' dir='ltr'>Munther*</span> <span class='ocrx_word' id='word_1_21' title='bbox 1191 686 1509 770; x_wconf 74' lang='lat' dir='ltr'>{Benchuir</span> <span class='ocrx_word' id='word_1_22' title='bbox 1542 685 1759 769; x_wconf 57' lang='lat' dir='ltr'>specta,</span> <span class='ocrx_word' id='word_1_23' title='bbox 1803 682 1823 769; x_wconf 77' lang='grc' dir='ltr'>ΙΙ</span> <span class='ocrx_word' id='word_1_24' title='bbox 1861 684 2001 768; x_wconf 69' lang='lat' dir='ltr'><strong>{fide</strong></span> <span class='ocrx_word' id='word_1_25' title='bbox 2036 683 2307 767; x_wconf 66' lang='lat' dir='ltr'>{fundata</span> <span class='ocrx_word' id='word_1_26' title='bbox 2340 681 2536 763; x_wconf 66' lang='grc' dir='ltr'>ξοενία,</span> 
     </span>
     <span class='ocr_line' id='line_1_5' title="bbox 836 785 2163 873; baseline -0.005 -22"><span class='ocrx_word' id='word_1_27' title='bbox 836 791 974 873; x_wconf 70' lang='grc' dir='ltr'>Ιερε</span> <span class='ocrx_word' id='word_1_28' title='bbox 1001 789 1232 873; x_wconf 69' lang='lat' dir='ltr'>{salutis</span> <span class='ocrx_word' id='word_1_29' title='bbox 1263 801 1485 861; x_wconf 84' lang='lat' dir='ltr'>ornata,</span> <span class='ocrx_word' id='word_1_30' title='bbox 1529 786 1548 872; x_wconf 74' lang='lat' dir='ltr'>ss</span> <span class='ocrx_word' id='word_1_31' title='bbox 1587 786 1848 871; x_wconf 66' lang='lat' dir='ltr'>{caritate</span> <span class='ocrx_word' id='word_1_32' title='bbox 1876 785 2163 868; x_wconf 56' lang='lat' dir='ltr'>perifecta.</span> 
     </span>
    </p>

    <p class='ocr_par' dir='ltr' id='par_1_3' title="bbox 833 886 2630 1487">
     <span class='ocr_line' id='line_1_6' title="bbox 836 886 2630 976; baseline -0.004 -23"><span class='ocrx_word' id='word_1_33' title='bbox 836 893 1044 976; x_wconf 73' lang='lat' dir='ltr'>{Navis</span> <span class='ocrx_word' id='word_1_34' title='bbox 1082 895 1408 973; x_wconf 51' lang='lat' dir='ltr'>{nunquam</span> <span class='ocrx_word' id='word_1_35' title='bbox 1441 890 1715 974; x_wconf 48' lang='lat' dir='ltr'>{turbata</span> <span class='ocrx_word' id='word_1_36' title='bbox 1757 887 1778 973; x_wconf 75' lang='grc' dir='ltr'>ΙΙ</span> <span class='ocrx_word' id='word_1_37' title='bbox 1813 892 2076 967; x_wconf 81' lang='lat' dir='ltr'>quamvis</span> <span class='ocrx_word' id='word_1_38' title='bbox 2107 891 2382 961; x_wconf 79' lang='lat' dir='ltr'>fluctibus</span> <span class='ocrx_word' id='word_1_39' title='bbox 2417 886 2630 969; x_wconf 59' lang='lat' dir='ltr'>{ton-sa,</span> 
     </span>
     <span class='ocr_line' id='line_1_7' title="bbox 834 993 2339 1082; baseline -0.004 -24"><span class='ocrx_word' id='word_1_40' title='bbox 834 1002 1078 1082; x_wconf 65' lang='lat' dir='ltr'>&#39;nuptiis</span> <span class='ocrx_word' id='word_1_41' title='bbox 1111 1020 1342 1075; x_wconf 85' lang='lat' dir='ltr'>quaque</span> <span class='ocrx_word' id='word_1_42' title='bbox 1373 1008 1595 1077; x_wconf 85' lang='lat' dir='ltr'>parata,</span> <span class='ocrx_word' id='word_1_43' title='bbox 1638 993 1659 1080; x_wconf 77' lang='grc' dir='ltr'>ΙΙ</span> <span class='ocrx_word' id='word_1_44' title='bbox 1690 999 1814 1074; x_wconf 87' lang='lat' dir='ltr'>regi</span> <span class='ocrx_word' id='word_1_45' title='bbox 1844 998 2078 1055; x_wconf 88' lang='lat' dir='ltr'>domino</span> <span class='ocrx_word' id='word_1_46' title='bbox 2110 1015 2339 1071; x_wconf 76' lang='lat' dir='ltr'>sponsa.</span> 
     </span>
     <span class='ocr_line' id='line_1_8' title="bbox 838 1096 2553 1184; baseline -0.004 -24"><span class='ocrx_word' id='word_1_47' title='bbox 838 1099 1090 1184; x_wconf 73' lang='lat' dir='ltr'>{Domus</span> <span class='ocrx_word' id='word_1_48' title='bbox 1127 1098 1374 1182; x_wconf 68' lang='lat' dir='ltr'>{deliciis</span> <span class='ocrx_word' id='word_1_49' title='bbox 1410 1099 1620 1182; x_wconf 76' lang='grc' dir='ltr'><strong>ΙΡΙεηα,</strong></span> <span class='ocrx_word' id='word_1_50' title='bbox 1663 1096 1683 1182; x_wconf 74' lang='lat' dir='ltr'>ss</span> <span class='ocrx_word' id='word_1_51' title='bbox 1719 1119 1893 1176; x_wconf 89' lang='lat' dir='ltr'>super</span> <span class='ocrx_word' id='word_1_52' title='bbox 1928 1096 2178 1180; x_wconf 55' lang='lat' dir='ltr'>{petram</span> <span class='ocrx_word' id='word_1_53' title='bbox 2209 1105 2553 1167; x_wconf 83' lang='lat' dir='ltr'>constructa,</span> 
     </span>
     <span class='ocr_line' id='line_1_9' title="bbox 833 1195 2504 1282; baseline -0.004 -20"><span class='ocrx_word' id='word_1_54' title='bbox 833 1225 941 1262; x_wconf 88' lang='lat' dir='ltr'>nec</span> <span class='ocrx_word' id='word_1_55' title='bbox 970 1224 1089 1262; x_wconf 92' lang='lat' dir='ltr'>non</span> <span class='ocrx_word' id='word_1_56' title='bbox 1125 1200 1340 1281; x_wconf 40' lang='lat' dir='ltr'>xvima,</span> <span class='ocrx_word' id='word_1_57' title='bbox 1384 1198 1561 1273; x_wconf 62' lang='lat' dir='ltr'>iver-a,</span> <span class='ocrx_word' id='word_1_58' title='bbox 1605 1197 1625 1282; x_wconf 76' lang='grc' dir='ltr'>[Ι</span> <span class='ocrx_word' id='word_1_59' title='bbox 1659 1223 1731 1260; x_wconf 83' lang='lat' dir='ltr'>ex</span> <span class='ocrx_word' id='word_1_60' title='bbox 1762 1204 2035 1278; x_wconf 86' lang='lat' dir='ltr'><strong>Aegypto</strong></span> <span class='ocrx_word' id='word_1_61' title='bbox 2064 1201 2418 1258; x_wconf 82' lang='lat' dir='ltr'>transducta.</span> <span class='ocrx_word' id='word_1_62' title='bbox 2439 1195 2504 1229; x_wconf 81' lang='lat'>**</span> 
     </span>
     <span class='ocr_line' id='line_1_10' title="bbox 839 1297 2361 1387; baseline -0.005 -23"><span class='ocrx_word' id='word_1_63' title='bbox 839 1302 1040 1386; x_wconf 72' lang='lat' dir='ltr'>leerte</span> <span class='ocrx_word' id='word_1_64' title='bbox 1075 1301 1304 1387; x_wconf 67' lang='lat' dir='ltr'>[civitas</span> <span class='ocrx_word' id='word_1_65' title='bbox 1339 1301 1559 1384; x_wconf 60' lang='lat' dir='ltr'>{fir-ma,</span> <span class='ocrx_word' id='word_1_66' title='bbox 1603 1299 1622 1384; x_wconf 77' lang='grc' dir='ltr'>ΙΙ</span> <span class='ocrx_word' id='word_1_67' title='bbox 1660 1300 1850 1385; x_wconf 68' lang='lat' dir='ltr'>{fortis</span> <span class='ocrx_word' id='word_1_68' title='bbox 1882 1310 2057 1377; x_wconf 87' lang='lat' dir='ltr'>atque</span> <span class='ocrx_word' id='word_1_69' title='bbox 2094 1297 2361 1382; x_wconf 50' lang='lat' dir='ltr'>{munitm</span> 
     </span>
     <span class='ocr_line' id='line_1_11' title="bbox 837 1401 2244 1487; baseline -0.003 -23"><span class='ocrx_word' id='word_1_70' title='bbox 837 1409 1090 1484; x_wconf 86' lang='lat' dir='ltr'>gloriosa</span> <span class='ocrx_word' id='word_1_71' title='bbox 1120 1428 1185 1465; x_wconf 88' lang='lat' dir='ltr'>ac</span> <span class='ocrx_word' id='word_1_72' title='bbox 1216 1407 1414 1482; x_wconf 74' lang='lat' dir='ltr'>diyna,</span> <span class='ocrx_word' id='word_1_73' title='bbox 1456 1401 1477 1487; x_wconf 76' lang='lat' dir='ltr'>ss</span> <span class='ocrx_word' id='word_1_74' title='bbox 1511 1426 1688 1483; x_wconf 88' lang='lat' dir='ltr'>supra</span> <span class='ocrx_word' id='word_1_75' title='bbox 1722 1402 2002 1487; x_wconf 63' lang='lat' dir='ltr'>{montem</span> <span class='ocrx_word' id='word_1_76' title='bbox 2029 1405 2244 1480; x_wconf 78' lang='lat' dir='ltr'>posita.</span> 
     </span>
    </p>

    <p class='ocr_par' dir='ltr' id='par_1_4' title="bbox 839 1503 2362 1795">
     <span class='ocr_line' id='line_1_12' title="bbox 840 1503 2306 1590; baseline -0.002 -24"><span class='ocrx_word' id='word_1_77' title='bbox 840 1506 1022 1587; x_wconf 61' lang='lat' dir='ltr'>{Arca</span> <span class='ocrx_word' id='word_1_78' title='bbox 1053 1509 1349 1567; x_wconf 86' lang='lat' dir='ltr'>Cherubin</span> <span class='ocrx_word' id='word_1_79' title='bbox 1379 1516 1545 1579; x_wconf 79' lang='lat' dir='ltr'>tecta,</span> <span class='ocrx_word' id='word_1_80' title='bbox 1589 1504 1608 1590; x_wconf 78' lang='grc' dir='ltr'>ΙΙ</span> <span class='ocrx_word' id='word_1_81' title='bbox 1647 1506 1830 1588; x_wconf 73' lang='grc' dir='ltr'>Ιοωηί</span> <span class='ocrx_word' id='word_1_82' title='bbox 1857 1515 2021 1584; x_wconf 86' lang='lat' dir='ltr'>parte</span> <span class='ocrx_word' id='word_1_83' title='bbox 2055 1503 2306 1587; x_wconf 62' lang='lat' dir='ltr'>laurata,</span> 
     </span>
     <span class='ocr_line' id='line_1_13' title="bbox 842 1606 2362 1692; baseline -0.003 -23"><span class='ocrx_word' id='word_1_84' title='bbox 842 1608 1266 1691; x_wconf 52' lang='lat' dir='ltr'>{sacroflsanctis</span> <span class='ocrx_word' id='word_1_85' title='bbox 1295 1606 1539 1691; x_wconf 62' lang='lat' dir='ltr'>reflferta‚</span> <span class='ocrx_word' id='word_1_86' title='bbox 1584 1606 1604 1692; x_wconf 80' lang='lat' dir='ltr'>ss</span> <span class='ocrx_word' id='word_1_87' title='bbox 1642 1606 1804 1691; x_wconf 56' lang='lat' dir='ltr'>{viris</span> <span class='ocrx_word' id='word_1_88' title='bbox 1836 1617 2085 1683; x_wconf 88' lang='lat' dir='ltr'>quatuor</span> <span class='ocrx_word' id='word_1_89' title='bbox 2113 1615 2362 1684; x_wconf 77' lang='lat' dir='ltr'>portata.</span> 
     </span>
     <span class='ocr_line' id='line_1_14' title="bbox 839 1706 2205 1795; baseline -0.003 -25"><span class='ocrx_word' id='word_1_90' title='bbox 839 1715 1074 1771; x_wconf 88' lang='lat' dir='ltr'>Christo</span> <span class='ocrx_word' id='word_1_91' title='bbox 1104 1714 1304 1789; x_wconf 85' lang='lat' dir='ltr'>regina</span> <span class='ocrx_word' id='word_1_92' title='bbox 1338 1710 1517 1793; x_wconf 70' lang='grc' dir='ltr'>Ιαρία,</span> <span class='ocrx_word' id='word_1_93' title='bbox 1558 1706 1581 1795; x_wconf 78' lang='lat' dir='ltr'>ss</span> <span class='ocrx_word' id='word_1_94' title='bbox 1614 1713 1755 1771; x_wconf 87' lang='lat' dir='ltr'>solis</span> <span class='ocrx_word' id='word_1_95' title='bbox 1784 1711 1916 1769; x_wconf 84' lang='lat' dir='ltr'>luce</span> <span class='ocrx_word' id='word_1_96' title='bbox 1951 1708 2205 1792; x_wconf 64' lang='lat' dir='ltr'>{amic-ta,</span> 
     </span>
    </p>

    <p class='ocr_par' dir='ltr' id='par_1_5' title="bbox 841 1807 2522 2301">
     <span class='ocr_line' id='line_1_15' title="bbox 844 1807 2501 1896; baseline -0.003 -23"><span class='ocrx_word' id='word_1_97' title='bbox 844 1812 1118 1895; x_wconf 70' lang='lat' dir='ltr'>{simplex</span> <span class='ocrx_word' id='word_1_98' title='bbox 1153 1812 1471 1894; x_wconf 65' lang='lat' dir='ltr'>{simulque</span> <span class='ocrx_word' id='word_1_99' title='bbox 1503 1816 1689 1889; x_wconf 72' lang='lat' dir='ltr'>docta,</span> <span class='ocrx_word' id='word_1_100' title='bbox 1731 1807 1752 1896; x_wconf 70' lang='lat' dir='ltr'>ss</span> <span class='ocrx_word' id='word_1_101' title='bbox 1788 1808 2205 1896; x_wconf 66' lang='lat' dir='ltr'>{undecunque</span> <span class='ocrx_word' id='word_1_102' title='bbox 2241 1810 2501 1881; x_wconf 55' lang='lat' dir='ltr'>{invicta</span> 
     </span>
     <span class='ocr_line' id='line_1_16' title="bbox 848 1911 2345 1999; baseline -0.003 -24"><span class='ocrx_word' id='word_1_103' title='bbox 848 1914 1027 1997; x_wconf 73' lang='lat' dir='ltr'>lVere</span> <span class='ocrx_word' id='word_1_104' title='bbox 1057 1917 1268 1992; x_wconf 88' lang='lat' dir='ltr'>regalis</span> <span class='ocrx_word' id='word_1_105' title='bbox 1305 1911 1485 1996; x_wconf 55' lang='lat' dir='ltr'>mula,</span> <span class='ocrx_word' id='word_1_106' title='bbox 1528 1911 1548 1999; x_wconf 76' lang='grc' dir='ltr'>ΙΙ</span> <span class='ocrx_word' id='word_1_107' title='bbox 1587 1912 1784 1997; x_wconf 55' lang='lat' dir='ltr'>{variis</span> <span class='ocrx_word' id='word_1_108' title='bbox 1816 1917 2060 1992; x_wconf 89' lang='lat' dir='ltr'>gemmis</span> <span class='ocrx_word' id='word_1_109' title='bbox 2095 1911 2345 1997; x_wconf 67' lang='lat' dir='ltr'>lernam,</span> 
     </span>
     <span class='ocr_line' id='line_1_17' title="bbox 841 2012 2545 2100; baseline -0.003 -24"><span class='ocrx_word' id='word_1_110' title='bbox 841 2020 1155 2098; x_wconf 81' lang='lat' dir='ltr'>gregisque</span> <span class='ocrx_word' id='word_1_111' title='bbox 1192 2014 1437 2098; x_wconf 71' lang='lat' dir='ltr'>{Christi</span> <span class='ocrx_word' id='word_1_112' title='bbox 1471 2014 1683 2098; x_wconf 61' lang='lat' dir='ltr'>lectula,</span> <span class='ocrx_word' id='word_1_113' title='bbox 1726 2013 1745 2100; x_wconf 81' lang='grc' dir='ltr'>Η</span> <span class='ocrx_word' id='word_1_114' title='bbox 1778 2023 1940 2094; x_wconf 86' lang='lat' dir='ltr'>patre</span> <span class='ocrx_word' id='word_1_115' title='bbox 1977 2013 2232 2097; x_wconf 66' lang='lat' dir='ltr'>{summo</span> <span class='ocrx_word' id='word_1_116' title='bbox 2269 2012 2545 2096; x_wconf 56' lang='lat' dir='ltr'>{servata</span> 
     </span>
     <span class='ocr_line' id='line_1_18' title="bbox 846 2113 2506 2201; baseline -0.004 -22"><span class='ocrx_word' id='word_1_117' title='bbox 846 2118 1073 2201; x_wconf 50' lang='lat' dir='ltr'>§VirgQ</span> <span class='ocrx_word' id='word_1_118' title='bbox 1119 2116 1348 2201; x_wconf 61' lang='lat' dir='ltr'>{valde</span> <span class='ocrx_word' id='word_1_119' title='bbox 1343 2117 1656 2181; x_wconf 59' lang='lat' dir='ltr'>‘foecunda</span> <span class='ocrx_word' id='word_1_120' title='bbox 1688 2114 1708 2201; x_wconf 81' lang='grc' dir='ltr'>Η</span> <span class='ocrx_word' id='word_1_121' title='bbox 1746 2117 1914 2199; x_wconf 62' lang='lat' dir='ltr'>{haec</span> <span class='ocrx_word' id='word_1_122' title='bbox 1945 2126 2005 2176; x_wconf 91' lang='lat' dir='ltr'><strong>et</strong></span> <span class='ocrx_word' id='word_1_123' title='bbox 2032 2125 2217 2175; x_wconf 89' lang='lat' dir='ltr'>mater</span> <span class='ocrx_word' id='word_1_124' title='bbox 2250 2113 2506 2198; x_wconf 66' lang='lat' dir='ltr'>{intuo-ta,</span> 
     </span>
     <span class='ocr_line' id='line_1_19' title="bbox 843 2217 2245 2301; baseline -0.003 -20"><span class='ocrx_word' id='word_1_125' title='bbox 843 2225 997 2281; x_wconf 89' lang='lat' dir='ltr'>laeta</span> <span class='ocrx_word' id='word_1_126' title='bbox 1026 2241 1091 2278; x_wconf 91' lang='lat' dir='ltr'>ac</span> <span class='ocrx_word' id='word_1_127' title='bbox 1123 2222 1524 2291; x_wconf 80' lang='lat' dir='ltr'>tremebunda,</span> <span class='ocrx_word' id='word_1_128' title='bbox 1567 2217 1588 2301; x_wconf 81' lang='grc' dir='ltr'>Η</span> <span class='ocrx_word' id='word_1_129' title='bbox 1627 2217 1826 2301; x_wconf 69' lang='lat' dir='ltr'>{verbo</span> <span class='ocrx_word' id='word_1_130' title='bbox 1859 2223 1955 2279; x_wconf 90' lang='lat' dir='ltr'>dei</span> <span class='ocrx_word' id='word_1_131' title='bbox 1985 2222 2245 2279; x_wconf 85' lang='lat' dir='ltr'>subacta</span> 
     </span>
    </p>

    <p class='ocr_par' dir='ltr' id='par_1_6' title="bbox 848 2317 2179 2405">
     <span class='ocr_line' id='line_1_20' title="bbox 848 2317 2179 2405; baseline -0.003 -22"><span class='ocrx_word' id='word_1_132' title='bbox 848 2326 962 2383; x_wconf 88' lang='lat' dir='ltr'>Cui</span> <span class='ocrx_word' id='word_1_133' title='bbox 995 2320 1140 2404; x_wconf 63' lang='lat' dir='ltr'>{vita</span> <span class='ocrx_word' id='word_1_134' title='bbox 1167 2325 1339 2381; x_wconf 84' lang='lat' dir='ltr'>beata</span> <span class='ocrx_word' id='word_1_135' title='bbox 1372 2318 1393 2405; x_wconf 78' lang='grc' dir='ltr'>ΙΙ</span> <span class='ocrx_word' id='word_1_136' title='bbox 1428 2344 1557 2381; x_wconf 88' lang='lat' dir='ltr'>cum</span> <span class='ocrx_word' id='word_1_137' title='bbox 1590 2320 1900 2405; x_wconf 77' lang='lat' dir='ltr'>perlfectis</span> <span class='ocrx_word' id='word_1_138' title='bbox 1935 2317 2179 2403; x_wconf 67' lang='lat' dir='ltr'>liutara,</span> 
     </span>
    </p>

    <p class='ocr_par' dir='ltr' id='par_1_7' title="bbox 847 2420 2178 2507">
     <span class='ocr_line' id='line_1_21' title="bbox 847 2420 2178 2507; baseline -0.002 -23"><span class='ocrx_word' id='word_1_139' title='bbox 847 2429 957 2484; x_wconf 88' lang='lat' dir='ltr'><strong>deo</strong></span> <span class='ocrx_word' id='word_1_140' title='bbox 993 2424 1178 2507; x_wconf 59' lang='lat' dir='ltr'>{patre</span> <span class='ocrx_word' id='word_1_141' title='bbox 1215 2422 1461 2505; x_wconf 46' lang='lat' dir='ltr'>{paratam</span> <span class='ocrx_word' id='word_1_142' title='bbox 1503 2420 1523 2507; x_wconf 77' lang='grc' dir='ltr'>ΙΙ</span> <span class='ocrx_word' id='word_1_143' title='bbox 1558 2427 1681 2484; x_wconf 80' lang='lat' dir='ltr'>sine</span> <span class='ocrx_word' id='word_1_144' title='bbox 1715 2424 1853 2507; x_wconf 66' lang='lat' dir='ltr'>{fine</span> <span class='ocrx_word' id='word_1_145' title='bbox 1881 2444 2178 2483; x_wconf 79' lang='lat' dir='ltr'>mansura.</span> 
     </span>
    </p>
   </div>
   <div class='ocr_carea' id='block_1_3' title="bbox 550 2570 2901 3289">
    <p class='ocr_par' dir='ltr' id='par_1_8' title="bbox 550 2570 2896 2868">
     <span class='ocr_line' id='line_1_22' title="bbox 721 2570 2896 2661; baseline -0.002 -23"><span class='ocrx_word' id='word_1_146' title='bbox 721 2576 980 2638; x_wconf 83' lang='lat' dir='ltr'><strong>Praeter</strong></span> <span class='ocrx_word' id='word_1_147' title='bbox 1009 2595 1105 2651; x_wconf 88' lang='lat' dir='ltr'>ea,</span> <span class='ocrx_word' id='word_1_148' title='bbox 1143 2595 1307 2658; x_wconf 86' lang='lat' dir='ltr'>quae</span> <span class='ocrx_word' id='word_1_149' title='bbox 1338 2585 1491 2638; x_wconf 91' lang='lat' dir='ltr'>sunt</span> <span class='ocrx_word' id='word_1_150' title='bbox 1521 2574 1823 2661; x_wconf 84' lang='lat' dir='ltr'>indicata,</span> <span class='ocrx_word' id='word_1_151' title='bbox 1856 2575 2140 2637; x_wconf 86' lang='lat' dir='ltr'>notanda</span> <span class='ocrx_word' id='word_1_152' title='bbox 2171 2583 2268 2636; x_wconf 93' lang='lat' dir='ltr'>est</span> <span class='ocrx_word' id='word_1_153' title='bbox 2297 2572 2490 2635; x_wconf 87' lang='lat' dir='ltr'>etiam</span> <span class='ocrx_word' id='word_1_154' title='bbox 2520 2570 2896 2635; x_wconf 86' lang='lat' dir='ltr'>assonantia</span> 
     </span>
     <span class='ocr_line' id='line_1_23' title="bbox 550 2678 2896 2764; baseline -0.002 -21"><span class='ocrx_word' id='word_1_155' title='bbox 550 2681 760 2743; x_wconf 83' lang='lat' dir='ltr'>finalis</span> <span class='ocrx_word' id='word_1_156' title='bbox 791 2703 832 2743; x_wconf 89' lang='lat' dir='ltr'>a</span> <span class='ocrx_word' id='word_1_157' title='bbox 863 2682 1236 2743; x_wconf 86' lang='lat' dir='ltr'>continuata</span> <span class='ocrx_word' id='word_1_158' title='bbox 1263 2702 1375 2763; x_wconf 90' lang='lat' dir='ltr'>per</span> <span class='ocrx_word' id='word_1_159' title='bbox 1407 2690 1615 2743; x_wconf 90' lang='lat' dir='ltr'>totum</span> <span class='ocrx_word' id='word_1_160' title='bbox 1647 2702 1922 2756; x_wconf 87' lang='lat' dir='ltr'>carmen,</span> <span class='ocrx_word' id='word_1_161' title='bbox 1959 2701 2091 2742; x_wconf 90' lang='lat' dir='ltr'>non</span> <span class='ocrx_word' id='word_1_162' title='bbox 2123 2680 2331 2742; x_wconf 92' lang='lat' dir='ltr'>solum</span> <span class='ocrx_word' id='word_1_163' title='bbox 2361 2678 2577 2742; x_wconf 85' lang='lat' dir='ltr'>omnia</span> <span class='ocrx_word' id='word_1_164' title='bbox 2604 2678 2896 2764; x_wconf 78' lang='lat' dir='ltr'>membra</span> 
     </span>
     <span class='ocr_line' id='line_1_24' title="bbox 553 2785 2132 2868; baseline -0.002 -19"><span class='ocrx_word' id='word_1_165' title='bbox 553 2787 923 2861; x_wconf 87' lang='lat' dir='ltr'>terminans,</span> <span class='ocrx_word' id='word_1_166' title='bbox 955 2787 1065 2847; x_wconf 88' lang='lat' dir='ltr'>sed</span> <span class='ocrx_word' id='word_1_167' title='bbox 1097 2785 1290 2848; x_wconf 86' lang='lat' dir='ltr'>etiam</span> <span class='ocrx_word' id='word_1_168' title='bbox 1319 2786 1386 2847; x_wconf 93' lang='lat' dir='ltr'>in</span> <span class='ocrx_word' id='word_1_169' title='bbox 1419 2786 1613 2848; x_wconf 89' lang='lat' dir='ltr'>latere</span> <span class='ocrx_word' id='word_1_170' title='bbox 1643 2785 1896 2868; x_wconf 90' lang='lat' dir='ltr'>saepius</span> <span class='ocrx_word' id='word_1_171' title='bbox 1928 2785 2132 2848; x_wconf 90' lang='lat' dir='ltr'>obvia.</span> 
     </span>
    </p>

    <p class='ocr_par' dir='ltr' id='par_1_9' title="bbox 555 2889 2901 3289">
     <span class='ocr_line' id='line_1_25' title="bbox 723 2889 2891 2973; baseline -0.002 -19"><span class='ocrx_word' id='word_1_172' title='bbox 723 2891 1008 2954; x_wconf 89' lang='lat' dir='ltr'>Octonac</span> <span class='ocrx_word' id='word_1_173' title='bbox 1053 2890 1331 2973; x_wconf 84' lang='lat' dir='ltr'>syllabae</span> <span class='ocrx_word' id='word_1_174' title='bbox 1385 2890 1683 2953; x_wconf 86' lang='lat' dir='ltr'>membris</span> <span class='ocrx_word' id='word_1_175' title='bbox 1739 2890 2010 2973; x_wconf 90' lang='lat' dir='ltr'>singulis</span> <span class='ocrx_word' id='word_1_176' title='bbox 2055 2889 2466 2952; x_wconf 90' lang='lat' dir='ltr'>continentur</span> <span class='ocrx_word' id='word_1_177' title='bbox 2509 2889 2580 2951; x_wconf 90' lang='lat' dir='ltr'>in</span> <span class='ocrx_word' id='word_1_178' title='bbox 2620 2889 2891 2971; x_wconf 84' lang='lat' dir='ltr'><strong>hymno,</strong></span> 
     </span>
     <span class='ocr_line' id='line_1_26' title="bbox 555 2994 2899 3079; baseline -0 -21"><span class='ocrx_word' id='word_1_179' title='bbox 555 2996 666 3079; x_wconf 89' lang='lat' dir='ltr'>qui</span> <span class='ocrx_word' id='word_1_180' title='bbox 710 2995 1110 3058; x_wconf 83' lang='lat' dir='ltr'>inscribitur:</span> <span class='ocrx_word' id='word_1_181' title='bbox 1161 2995 1472 3058; x_wconf 90' lang='lat' dir='ltr'>Memoria</span> <span class='ocrx_word' id='word_1_182' title='bbox 1516 2996 1820 3059; x_wconf 86' lang='lat' dir='ltr'>abbatum</span> <span class='ocrx_word' id='word_1_183' title='bbox 1860 3005 2224 3058; x_wconf 91' lang='lat' dir='ltr'>nostrorum</span> <span class='ocrx_word' id='word_1_184' title='bbox 2254 2998 2345 3077; x_wconf 88' lang='lat' dir='ltr'>(p.</span> <span class='ocrx_word' id='word_1_185' title='bbox 2388 3002 2547 3071; x_wconf 83' lang='lat'>1593</span> <span class='ocrx_word' id='word_1_186' title='bbox 2597 3016 2634 3057; x_wconf 92' lang='lat' dir='ltr'><strong>e</strong></span> <span class='ocrx_word' id='word_1_187' title='bbox 2680 2994 2899 3057; x_wconf 84' lang='lat' dir='ltr'>codice</span> 
     </span>
     <span class='ocr_line' id='line_1_27' title="bbox 556 3099 2901 3183; baseline -0.001 -20"><span class='ocrx_word' id='word_1_188' title='bbox 556 3099 809 3163; x_wconf 90' lang='lat' dir='ltr'>fidelius</span> <span class='ocrx_word' id='word_1_189' title='bbox 849 3101 1057 3163; x_wconf 85' lang='lat' dir='ltr'><strong>reddit</strong></span> <span class='ocrx_word' id='word_1_190' title='bbox 1086 3102 1232 3163; x_wconf 91' lang='lat' dir='ltr'>Am.</span> <span class='ocrx_word' id='word_1_191' title='bbox 1271 3101 1523 3183; x_wconf 88' lang='lat' dir='ltr'><strong>Peyron</strong></span> <span class='ocrx_word' id='word_1_192' title='bbox 1567 3100 1638 3162; x_wconf 90' lang='lat' dir='ltr'>in</span> <span class='ocrx_word' id='word_1_193' title='bbox 1668 3100 1803 3163; x_wconf 84' lang='lat' dir='ltr'>Cic.</span> <span class='ocrx_word' id='word_1_194' title='bbox 1840 3111 1998 3163; x_wconf 89' lang='lat' dir='ltr'>orat.</span> <span class='ocrx_word' id='word_1_195' title='bbox 2035 3100 2260 3183; x_wconf 85' lang='lat' dir='ltr'><strong>fragm.</strong></span> <span class='ocrx_word' id='word_1_196' title='bbox 2297 3100 2469 3172; x_wconf 88' lang='lat' dir='ltr'>ined.</span> <span class='ocrx_word' id='word_1_197' title='bbox 2504 3123 2573 3183; x_wconf 89' lang='lat' dir='ltr'>p.</span> <span class='ocrx_word' id='word_1_198' title='bbox 2614 3105 2794 3181; x_wconf 85' lang='lat'><strong>225),</strong></span> <span class='ocrx_word' id='word_1_199' title='bbox 2829 3099 2901 3161; x_wconf 89' lang='lat' dir='ltr'>in</span> 
     </span>
     <span class='ocr_line' id='line_1_28' title="bbox 557 3204 2900 3289; baseline 0 -21"><span class='ocrx_word' id='word_1_200' title='bbox 557 3228 683 3288; x_wconf 91' lang='lat' dir='ltr'>quo</span> <span class='ocrx_word' id='word_1_201' title='bbox 727 3206 1020 3288; x_wconf 86' lang='lat' dir='ltr'><strong>quaterni</strong></span> <span class='ocrx_word' id='word_1_202' title='bbox 1060 3227 1277 3269; x_wconf 88' lang='lat' dir='ltr'>versus</span> <span class='ocrx_word' id='word_1_203' title='bbox 1319 3206 1645 3289; x_wconf 86' lang='lat' dir='ltr'><strong>stropham</strong></span> <span class='ocrx_word' id='word_1_204' title='bbox 1675 3204 1984 3268; x_wconf 85' lang='lat' dir='ltr'>efficiunt.</span> <span class='ocrx_word' id='word_1_205' title='bbox 2053 3205 2224 3268; x_wconf 86' lang='lat' dir='ltr'><strong>Sunt</strong></span> <span class='ocrx_word' id='word_1_206' title='bbox 2253 3227 2365 3268; x_wconf 82' lang='lat' dir='ltr'>sex</span> <span class='ocrx_word' id='word_1_207' title='bbox 2394 3205 2710 3288; x_wconf 90' lang='lat' dir='ltr'>ejusmodi</span> <span class='ocrx_word' id='word_1_208' title='bbox 2741 3218 2900 3269; x_wconf 87' lang='lat' dir='ltr'>stro-</span> 
     </span>
    </p>
   </div>
   <div class='ocr_carea' id='block_1_4' title="bbox 563 3379 978 3388">
    <p class='ocr_par' dir='ltr' id='par_1_10' title="bbox 563 3379 978 3388">
     <span class='ocr_line' id='line_1_29' title="bbox 563 3379 978 3388; baseline 0 1854"><span class='ocrx_word' id='word_1_209' title='bbox 563 3379 978 3388; x_wconf 95' lang='lat' dir='ltr'> </span> 
     </span>
    </p>
   </div>
   <div class='ocr_carea' id='block_1_5' title="bbox 562 3476 2904 3614">
    <p class='ocr_par' dir='ltr' id='par_1_11' title="bbox 562 3476 2904 3614">
     <span class='ocr_line' id='line_1_30' title="bbox 562 3476 2904 3547; baseline -0 -18"><span class='ocrx_word' id='word_1_210' title='bbox 562 3476 811 3530; x_wconf 86' lang='lat' dir='ltr'>armorici</span> <span class='ocrx_word' id='word_1_211' title='bbox 847 3476 1171 3530; x_wconf 80' lang='lat' dir='ltr'>carminibus</span> <span class='ocrx_word' id='word_1_212' title='bbox 1209 3476 1387 3529; x_wconf 88' lang='lat' dir='ltr'>adhuc</span> <span class='ocrx_word' id='word_1_213' title='bbox 1425 3483 1643 3530; x_wconf 86' lang='lat' dir='ltr'>exstans</span> <span class='ocrx_word' id='word_1_214' title='bbox 1673 3476 1747 3547; x_wconf 91' lang='lat' dir='ltr'>(p.</span> <span class='ocrx_word' id='word_1_215' title='bbox 1777 3480 1895 3541; x_wconf 82' lang='lat'><strong>959,</strong></span> <span class='ocrx_word' id='word_1_216' title='bbox 1925 3477 2088 3547; x_wconf 87' lang='lat' dir='ltr'><strong>not.)‚</strong></span> <span class='ocrx_word' id='word_1_217' title='bbox 2119 3484 2298 3532; x_wconf 89' lang='lat' dir='ltr'>ortum</span> <span class='ocrx_word' id='word_1_218' title='bbox 2322 3477 2473 3530; x_wconf 89' lang='lat' dir='ltr'>haud</span> <span class='ocrx_word' id='word_1_219' title='bbox 2498 3476 2667 3530; x_wconf 90' lang='lat' dir='ltr'>dubie</span> <span class='ocrx_word' id='word_1_220' title='bbox 2692 3494 2761 3529; x_wconf 84' lang='lat' dir='ltr'>ex</span> <span class='ocrx_word' id='word_1_221' title='bbox 2786 3476 2904 3545; x_wconf 88' lang='lat' dir='ltr'>ipsa</span> 
     </span>
     <span class='ocr_line' id='line_1_31' title="bbox 563 3561 1340 3614; baseline 0 0"><span class='ocrx_word' id='word_1_222' title='bbox 563 3561 753 3614; x_wconf 88' lang='lat' dir='ltr'>celtica</span> <span class='ocrx_word' id='word_1_223' title='bbox 776 3578 1027 3614; x_wconf 83' lang='lat' dir='ltr'>versuum</span> <span class='ocrx_word' id='word_1_224' title='bbox 1052 3569 1340 3614; x_wconf 84' lang='lat' dir='ltr'>structura.</span> 
     </span>
    </p>
   </div>
   <div class='ocr_carea' id='block_1_6' title="bbox 565 3644 2907 4313">
    <p class='ocr_par' dir='ltr' id='par_1_12' title="bbox 700 3644 2216 3717">
     <span class='ocr_line' id='line_1_32' title="bbox 700 3644 2216 3717; baseline 0.001 -18"><span class='ocrx_word' id='word_1_225' title='bbox 700 3646 727 3673; x_wconf 73' lang='lat'>¹*</span> <span class='ocrx_word' id='word_1_226' title='bbox 761 3647 910 3715; x_wconf 88' lang='lat' dir='ltr'><strong>Lege</strong></span> <span class='ocrx_word' id='word_1_227' title='bbox 934 3650 1163 3708; x_wconf 75' lang='lat' dir='ltr'>munter,</span> <span class='ocrx_word' id='word_1_228' title='bbox 1192 3644 1323 3697; x_wconf 89' lang='lat' dir='ltr'>alias</span> <span class='ocrx_word' id='word_1_229' title='bbox 1348 3646 1596 3711; x_wconf 75' lang='lat' dir='ltr'>mainter,</span> <span class='ocrx_word' id='word_1_230' title='bbox 1626 3652 1844 3699; x_wconf 79' lang='lat' dir='ltr'>muntar</span> <span class='ocrx_word' id='word_1_231' title='bbox 1868 3654 1971 3700; x_wconf 83' lang='lat' dir='ltr'>etc.</span> <span class='ocrx_word' id='word_1_232' title='bbox 2004 3648 2079 3717; x_wconf 87' lang='lat' dir='ltr'>(p.</span> <span class='ocrx_word' id='word_1_233' title='bbox 2112 3648 2216 3717; x_wconf 87' lang='lat'>18).</span> 
     </span>
    </p>

    <p class='ocr_par' dir='ltr' id='par_1_13' title="bbox 565 3729 2907 4313">
     <span class='ocr_line' id='line_1_33' title="bbox 672 3729 2904 3802; baseline -0 -19"><span class='ocrx_word' id='word_1_234' title='bbox 672 3730 727 3758; x_wconf 71' lang='lat'>*⁴*</span> <span class='ocrx_word' id='word_1_235' title='bbox 762 3730 910 3783; x_wconf 90' lang='lat' dir='ltr'>Num</span> <span class='ocrx_word' id='word_1_236' title='bbox 936 3730 1052 3800; x_wconf 87' lang='lat' dir='ltr'>jam</span> <span class='ocrx_word' id='word_1_237' title='bbox 1088 3729 1177 3783; x_wconf 90' lang='lat' dir='ltr'>hic</span> <span class='ocrx_word' id='word_1_238' title='bbox 1214 3730 1399 3800; x_wconf 88' lang='lat' dir='ltr'>igitur,</span> <span class='ocrx_word' id='word_1_239' title='bbox 1421 3732 1537 3801; x_wconf 89' lang='lat' dir='ltr'>jam</span> <span class='ocrx_word' id='word_1_240' title='bbox 1577 3732 1789 3784; x_wconf 89' lang='lat' dir='ltr'>saeculo</span> <span class='ocrx_word' id='word_1_241' title='bbox 1828 3739 2017 3784; x_wconf 83' lang='lat' dir='ltr'>octavo</span> <span class='ocrx_word' id='word_1_242' title='bbox 2043 3733 2128 3785; x_wconf 85' lang='lat' dir='ltr'><strong>vel</strong></span> <span class='ocrx_word' id='word_1_243' title='bbox 2152 3733 2320 3802; x_wconf 85' lang='lat' dir='ltr'>prius,</span> <span class='ocrx_word' id='word_1_244' title='bbox 2349 3731 2566 3786; x_wconf 87' lang='lat' dir='ltr'>fabulae</span> <span class='ocrx_word' id='word_1_245' title='bbox 2592 3731 2904 3785; x_wconf 82' lang='lat' dir='ltr'>hibernicae</span> 
     </span>
     <span class='ocr_line' id='line_1_34' title="bbox 566 3814 2903 3892; baseline 0 -26"><span class='ocrx_word' id='word_1_246' title='bbox 566 3814 634 3867; x_wconf 90' lang='lat' dir='ltr'>de</span> <span class='ocrx_word' id='word_1_247' title='bbox 660 3814 1029 3868; x_wconf 89' lang='lat' dir='ltr'>Hibernorum</span> <span class='ocrx_word' id='word_1_248' title='bbox 1066 3833 1133 3868; x_wconf 90' lang='lat' dir='ltr'>ex</span> <span class='ocrx_word' id='word_1_249' title='bbox 1157 3815 1291 3869; x_wconf 87' lang='lat' dir='ltr'>Asia</span> <span class='ocrx_word' id='word_1_250' title='bbox 1314 3833 1408 3887; x_wconf 88' lang='lat' dir='ltr'>per</span> <span class='ocrx_word' id='word_1_251' title='bbox 1432 3817 1746 3887; x_wconf 88' lang='lat' dir='ltr'>Aegyptum</span> <span class='ocrx_word' id='word_1_252' title='bbox 1771 3817 2042 3870; x_wconf 78' lang='lat' dir='ltr'>transitu?</span> <span class='ocrx_word' id='word_1_253' title='bbox 2082 3816 2367 3892; x_wconf 80' lang='lat' dir='ltr'>Gaidelum</span> <span class='ocrx_word' id='word_1_254' title='bbox 2391 3817 2624 3870; x_wconf 89' lang='lat' dir='ltr'>Phaenii</span> <span class='ocrx_word' id='word_1_255' title='bbox 2650 3825 2903 3887; x_wconf 85' lang='lat' dir='ltr'><strong>nepotem</strong></span> 
     </span>
     <span class='ocr_line' id='line_1_35' title="bbox 567 3899 2903 3971; baseline -0 -18"><span class='ocrx_word' id='word_1_256' title='bbox 567 3899 803 3953; x_wconf 84' lang='lat' dir='ltr'>Scotiam</span> <span class='ocrx_word' id='word_1_257' title='bbox 824 3899 1121 3953; x_wconf 83' lang='lat' dir='ltr'>Pharaonis</span> <span class='ocrx_word' id='word_1_258' title='bbox 1147 3900 1311 3954; x_wconf 85' lang='lat' dir='ltr'>filiam</span> <span class='ocrx_word' id='word_1_259' title='bbox 1336 3901 1555 3971; x_wconf 90' lang='lat' dir='ltr'>(quibus</span> <span class='ocrx_word' id='word_1_260' title='bbox 1580 3901 1754 3954; x_wconf 87' lang='lat' dir='ltr'>tribus</span> <span class='ocrx_word' id='word_1_261' title='bbox 1778 3902 2089 3955; x_wconf 86' lang='lat' dir='ltr'>nominibus</span> <span class='ocrx_word' id='word_1_262' title='bbox 2115 3902 2347 3955; x_wconf 89' lang='lat' dir='ltr'>subsunt</span> <span class='ocrx_word' id='word_1_263' title='bbox 2369 3910 2587 3955; x_wconf 85' lang='lat' dir='ltr'>vetusta</span> <span class='ocrx_word' id='word_1_264' title='bbox 2610 3902 2793 3971; x_wconf 87' lang='lat' dir='ltr'>gentis</span> <span class='ocrx_word' id='word_1_265' title='bbox 2809 3918 2903 3953; x_wconf 90' lang='lat' dir='ltr'>no-</span> 
     </span>
     <span class='ocr_line' id='line_1_36' title="bbox 565 3983 2904 4056; baseline 0.001 -20"><span class='ocrx_word' id='word_1_266' title='bbox 565 3985 714 4037; x_wconf 88' lang='lat' dir='ltr'>mina</span> <span class='ocrx_word' id='word_1_267' title='bbox 749 3984 854 4037; x_wconf 89' lang='lat' dir='ltr'>tria</span> <span class='ocrx_word' id='word_1_268' title='bbox 875 3983 1018 4038; x_wconf 80' lang='lat' dir='ltr'>Feni</span> <span class='ocrx_word' id='word_1_269' title='bbox 1041 3985 1129 4038; x_wconf 81' lang='lat' dir='ltr'>vel</span> <span class='ocrx_word' id='word_1_270' title='bbox 1162 3984 1313 4049; x_wconf 85' lang='lat' dir='ltr'>Vem‘,</span> <span class='ocrx_word' id='word_1_271' title='bbox 1350 3985 1564 4038; x_wconf 75' lang='lat' dir='ltr'>Gaideli</span> <span class='ocrx_word' id='word_1_272' title='bbox 1587 3993 1642 4038; x_wconf 90' lang='lat' dir='ltr'><strong>et</strong></span> <span class='ocrx_word' id='word_1_273' title='bbox 1667 3985 1833 4056; x_wconf 75' lang='lat' dir='ltr'>›Sc-oti)</span> <span class='ocrx_word' id='word_1_274' title='bbox 1863 3985 1968 4039; x_wconf 90' lang='lat' dir='ltr'>sibi</span> <span class='ocrx_word' id='word_1_275' title='bbox 1991 4004 2215 4039; x_wconf 87' lang='lat' dir='ltr'>uxorem</span> <span class='ocrx_word' id='word_1_276' title='bbox 2240 3988 2487 4051; x_wconf 83' lang='lat' dir='ltr'>sociasse,</span> <span class='ocrx_word' id='word_1_277' title='bbox 2517 3987 2687 4040; x_wconf 87' lang='lat' dir='ltr'><strong>refert</strong></span> <span class='ocrx_word' id='word_1_278' title='bbox 2710 4004 2779 4039; x_wconf 87' lang='lat' dir='ltr'><strong>ex</strong></span> <span class='ocrx_word' id='word_1_279' title='bbox 2805 3986 2904 4038; x_wconf 87' lang='lat' dir='ltr'>Hi-</span> 
     </span>
     <span class='ocr_line' id='line_1_37' title="bbox 567 4070 2902 4142; baseline -0.001 -18"><span class='ocrx_word' id='word_1_280' title='bbox 567 4072 856 4125; x_wconf 90' lang='lat' dir='ltr'>bernorum</span> <span class='ocrx_word' id='word_1_281' title='bbox 892 4089 984 4124; x_wconf 91' lang='lat' dir='ltr'>ore</span> <span class='ocrx_word' id='word_1_282' title='bbox 1023 4070 1276 4125; x_wconf 90' lang='lat' dir='ltr'>Giraldus</span> <span class='ocrx_word' id='word_1_283' title='bbox 1312 4071 1652 4124; x_wconf 76' lang='lat' dir='ltr'>cambrensis</span> <span class='ocrx_word' id='word_1_284' title='bbox 1697 4072 1754 4124; x_wconf 90' lang='lat' dir='ltr'>in</span> <span class='ocrx_word' id='word_1_285' title='bbox 1779 4072 2012 4141; x_wconf 85' lang='lat' dir='ltr'>Topogr.</span> <span class='ocrx_word' id='word_1_286' title='bbox 2042 4072 2272 4125; x_wconf 87' lang='lat' dir='ltr'>Hibern.</span> <span class='ocrx_word' id='word_1_287' title='bbox 2306 4073 2414 4142; x_wconf 88' lang='lat' dir='ltr'>(ap.</span> <span class='ocrx_word' id='word_1_288' title='bbox 2445 4073 2635 4126; x_wconf 88' lang='lat' dir='ltr'>Camd.</span> <span class='ocrx_word' id='word_1_289' title='bbox 2672 4090 2728 4141; x_wconf 88' lang='lat' dir='ltr'>p.</span> <span class='ocrx_word' id='word_1_290' title='bbox 2760 4073 2902 4142; x_wconf 86' lang='grc'>737).</span> 
     </span>
     <span class='ocr_line' id='line_1_38' title="bbox 568 4155 2907 4227; baseline -0 -19"><span class='ocrx_word' id='word_1_291' title='bbox 568 4157 722 4209; x_wconf 89' lang='lat' dir='ltr'>Haec</span> <span class='ocrx_word' id='word_1_292' title='bbox 758 4156 1002 4226; x_wconf 85' lang='lat' dir='ltr'>quamvis</span> <span class='ocrx_word' id='word_1_293' title='bbox 1027 4157 1240 4209; x_wconf 83' lang='lat' dir='ltr'>fabulae</span> <span class='ocrx_word' id='word_1_294' title='bbox 1275 4156 1524 4209; x_wconf 88' lang='lat' dir='ltr'>habenda</span> <span class='ocrx_word' id='word_1_295' title='bbox 1559 4163 1706 4219; x_wconf 89' lang='lat' dir='ltr'>sunt,</span> <span class='ocrx_word' id='word_1_296' title='bbox 1737 4155 2113 4208; x_wconf 88' lang='lat' dir='ltr'>commercium</span> <span class='ocrx_word' id='word_1_297' title='bbox 2139 4164 2319 4222; x_wconf 87' lang='lat' dir='ltr'>tamen</span> <span class='ocrx_word' id='word_1_298' title='bbox 2344 4157 2486 4211; x_wconf 87' lang='lat' dir='ltr'>inter</span> <span class='ocrx_word' id='word_1_299' title='bbox 2510 4159 2839 4227; x_wconf 77' lang='lat' dir='ltr'>Aegyptum-</span> <span class='ocrx_word' id='word_1_300' title='bbox 2854 4163 2907 4209; x_wconf 87' lang='lat' dir='ltr'>et</span> 
     </span>
     <span class='ocr_line' id='line_1_39' title="bbox 572 4239 2907 4313; baseline 0.002 -20"><span class='ocrx_word' id='word_1_301' title='bbox 572 4242 892 4294; x_wconf 88' lang='lat' dir='ltr'>Hiberniam</span> <span class='ocrx_word' id='word_1_302' title='bbox 931 4248 1206 4293; x_wconf 85' lang='lat' dir='ltr'>vetustum</span> <span class='ocrx_word' id='word_1_303' title='bbox 1233 4240 1302 4293; x_wconf 94' lang='lat' dir='ltr'>ob</span> <span class='ocrx_word' id='word_1_304' title='bbox 1328 4240 1458 4293; x_wconf 89' lang='lat' dir='ltr'>artis</span> <span class='ocrx_word' id='word_1_305' title='bbox 1484 4239 1802 4295; x_wconf 82' lang='lat' dir='ltr'>affinitatem</span> <span class='ocrx_word' id='word_1_306' title='bbox 1829 4249 1884 4295; x_wconf 90' lang='lat' dir='ltr'>et</span> <span class='ocrx_word' id='word_1_307' title='bbox 1908 4243 2199 4295; x_wconf 88' lang='lat' dir='ltr'>monachos</span> <span class='ocrx_word' id='word_1_308' title='bbox 2223 4242 2526 4313; x_wconf 87' lang='lat' dir='ltr'>Aegyptios</span> <span class='ocrx_word' id='word_1_309' title='bbox 2553 4244 2609 4296; x_wconf 89' lang='lat' dir='ltr'>in</span> <span class='ocrx_word' id='word_1_310' title='bbox 2637 4244 2907 4297; x_wconf 84' lang='lat' dir='ltr'>Hibernia</span> 
     </span>
    </p>
   </div>
   <div class='ocr_carea' id='block_1_7' title="bbox 569 4326 2908 4481">
    <p class='ocr_par' dir='ltr' id='par_1_14' title="bbox 569 4326 2908 4481">
     <span class='ocr_line' id='line_1_40' title="bbox 571 4326 2908 4396; baseline 0.001 -18"><span class='ocrx_word' id='word_1_311' title='bbox 571 4326 829 4395; x_wconf 84' lang='lat' dir='ltr'>degentes</span> <span class='ocrx_word' id='word_1_312' title='bbox 860 4327 975 4396; x_wconf 89' lang='lat' dir='ltr'>jam</span> <span class='ocrx_word' id='word_1_313' title='bbox 1014 4327 1347 4379; x_wconf 87' lang='lat' dir='ltr'>demonstrat</span> <span class='ocrx_word' id='word_1_314' title='bbox 1370 4326 1626 4379; x_wconf 90' lang='lat' dir='ltr'>Kellerus</span> <span class='ocrx_word' id='word_1_315' title='bbox 1660 4327 1718 4379; x_wconf 92' lang='lat' dir='ltr'>in</span> <span class='ocrx_word' id='word_1_316' title='bbox 1744 4328 2194 4381; x_wconf 83' lang='lat' dir='ltr'>commentatione</span> <span class='ocrx_word' id='word_1_317' title='bbox 2218 4327 2284 4380; x_wconf 84' lang='lat' dir='ltr'>de</span> <span class='ocrx_word' id='word_1_318' title='bbox 2310 4328 2590 4381; x_wconf 84' lang='lat' dir='ltr'>codicibus</span> <span class='ocrx_word' id='word_1_319' title='bbox 2614 4329 2908 4384; x_wconf 84' lang='lat' dir='ltr'>hibernicis</span> 
     </span>
     <span class='ocr_line' id='line_1_41' title="bbox 569 4410 1512 4481; baseline 0.001 -20"><span class='ocrx_word' id='word_1_320' title='bbox 569 4410 624 4461; x_wconf 90' lang='lat' dir='ltr'>in</span> <span class='ocrx_word' id='word_1_321' title='bbox 652 4411 906 4463; x_wconf 86' lang='lat' dir='ltr'>Helvetia</span> <span class='ocrx_word' id='word_1_322' title='bbox 930 4413 1153 4465; x_wconf 74' lang='lat' dir='ltr'>servatis</span> <span class='ocrx_word' id='word_1_323' title='bbox 1183 4411 1257 4481; x_wconf 89' lang='lat' dir='ltr'>(p.</span> <span class='ocrx_word' id='word_1_324' title='bbox 1289 4414 1371 4465; x_wconf 86' lang='grc'>79.</span> <span class='ocrx_word' id='word_1_325' title='bbox 1402 4411 1512 4481; x_wconf 88' lang='grc'>80).</span> 
     </span>
    </p>
   </div>
  </div>
 </body>
</html>
