3150 5242
1249 402 1593 445 ADDBNDA.
2438 384 2460 441 1
2480 384 2500 441 1
2520 381 2598 442 37

252 555 420 639 phae
465 575 610 617 cum
642 551 1007 617 assonantia
1037 551 1217 614 finali
1247 551 1402 614 item
1432 552 1827 630 continuata,
1865 552 2221 616 alternante
2254 560 2467 613 tamen
2498 549 2595 612 in-

255 672 350 724 ter
380 659 652 742 syllabas
684 680 747 734 a,
778 679 939 740 quae
969 656 1239 741 primam
1263 668 1327 721 et
1350 657 1643 720 ultimam
1669 658 1996 742 stropham
2022 668 2310 740 occupat,
2341 667 2405 719 et
2428 656 2596 719 inter

254 788 331 828 us
375 776 440 827 et
469 787 598 841 um,
636 785 795 846 quae
831 762 899 824 in
930 763 1157 826 mediis
1189 763 1501 828 obtinent.
1568 765 1711 828 Has
1741 764 2053 847 proferam
2081 765 2164 827 ob
2194 762 2456 826 nomina
2486 765 2595 826 ab·

254 872 480 934 batum
523 870 592 932 in
623 870 713 933 eis
746 880 1038 933 enarrata
1068 868 1217 932 inde
1248 893 1286 932 a
1316 870 1658 953 Comgiuo,
1696 870 2001 953 magistro
2033 869 2417 933 Columbani
2447 869 2593 931 fun·

254 976 492 1040 datoris
523 975 1051 1039 monasteriorum
1081 975 1150 1037 in
1183 986 1348 1038 terra
1376 975 1757 1052 continenti,
1788 987 1861 1038 ut
1882 975 2072 1038 refert
2095 979 2293 1039 Jonas
2322 975 2593 1039 Bobien-

253 1082 365 1158 siS,
402 1104 603 1164 usque
646 1084 726 1145 ad
758 1083 1150 1157 Cronanum,
1188 1081 1300 1164 qui
1343 1081 1504 1144 vixit
1548 1083 1712 1144 circa
1756 1082 2039 1144 medium
2071 1081 2307 1145 saeculi
2338 1080 2593 1164 septimi

256 1187 367 1269 (cf.
406 1190 644 1250 Murat.
680 1188 876 1270 praef.
913 1180 977 1270 p.
1023 1192 1163 1249 124.
1207 1192 1391 1269 125):
2214 1189 2220 1192 ⁴

350 1342 354 1415 Ι
373 1348 612 1403 Amavit
645 1341 651 1425 Ι
674 1346 945 1403 Christus
981 1346 986 1425 Ι
1010 1350 1056 1405 C
1074 1366 1108 1403 o
1122 1366 1181 1402 m
1196 1366 1234 1420 g
1251 1345 1270 1401 i
1287 1345 1309 1401 l
1325 1346 1345 1401 l
1360 1367 1396 1402 u
1410 1367 1486 1416 m,
1529 1341 1548 1426 ΙΙ
1582 1347 1732 1403 bene
1764 1352 1823 1402 et
1858 1342 1862 1424 Ι
1884 1347 2009 1431 ipse
2040 1348 2357 1417 dominum,

345 1468 542 1505 carum
576 1444 581 1529 Ι
601 1449 806 1506 habuit
835 1452 883 1506 B
903 1469 934 1505 e
952 1468 986 1505 o
1003 1467 1290 1524 gnoum,
1333 1442 1352 1527 ΙΙ
1387 1449 1667 1505 domnum
1704 1444 1709 1527 Ι
1728 1450 1955 1506 ornavit
1988 1445 2068 1528 ΙΑ
2085 1470 2116 1507 e
2133 1451 2216 1506 de
2234 1470 2362 1518 um,

343 1551 520 1626 elegit
553 1547 559 1630 Ι
580 1559 846 1609 sanctum
881 1556 886 1628 Ι
906 1555 944 1609 S
961 1551 1112 1607 inla
1127 1570 1308 1620 num,
1352 1545 1372 1631 ΙΙ
1406 1552 1696 1608 famosum
1732 1551 1958 1628 {mundi
1992 1546 2374 1629 ‘magistriam

345 1673 492 1728 quos
529 1650 535 1733 Ι
555 1655 891 1715 convocavit
920 1633 1188 1712 dominus
1222 1647 1241 1732 ΙΙ
1280 1651 1286 1731 Ι
1310 1654 1604 1713 coelorum
1633 1653 1798 1727 regni
1829 1652 2082 1710 sedibus.

347 1809 591 1864 Gratum
628 1802 633 1887 Ι
650 1806 787 1862 fecit
822 1800 828 1885 Ι
851 1807 900 1861 F
916 1805 991 1862 in
1005 1811 1031 1862 t
1047 1827 1078 1863 e
1091 1827 1130 1862 n
1148 1826 1182 1862 a
1198 1826 1236 1880 p
1252 1827 1289 1862 u
1302 1826 1359 1862 m
1393 1798 1413 1885 ΙΙ
1445 1807 1740 1873 heredem,
1785 1800 1790 1883 Ι
1812 1805 2049 1874 almum,
2095 1800 2100 1883 Ι
2120 1806 2401 1875 inclitum,

348 1906 354 1989 Ι
372 1909 703 1966 inlustravit
731 1909 799 1964 M
812 1927 846 1964 a
860 1927 890 1964 c
903 1908 925 1964 l
939 1909 1002 1966 ai
1020 1927 1046 1965 s
1063 1929 1091 1964 r
1104 1928 1134 1964 e
1150 1928 1186 1963 u
1203 1928 1280 1977 m,
1323 1901 1343 1988 ΙΙ
1379 1913 1554 1983 caput
1588 1904 1594 1986 Ι
1614 1908 1889 1963 abbatum
1925 1904 1930 1985 Ι
1947 1900 2223 1978 omnium,

342 2012 609 2086 lampade
645 2007 651 2089 Ι
671 2029 844 2067 sacra·
863 2011 913 2066 E
931 2028 958 2068 s
977 2029 1007 2066 e
1021 2029 1104 2084 ga
1118 2029 1159 2065 n
1174 2031 1210 2065 u
1223 2030 1299 2079 m,
1343 2003 1363 2090 ΙΙ
1402 2006 1408 2088 Ι
1425 2029 1701 2084 magnum
1738 2004 1742 2087 Ι
1763 2009 2081 2083 scripturae
2117 2004 2122 2085 Ι
2139 2012 2444 2083 medicum,

345 2132 492 2188 quos
530 2156 534 2189 ,
552 2112 888 2169 convocavit
918 2111 1182 2167 dominus
1215 2106 1235 2192 ΙΙ
1277 2178 1278 2187 Ι
1298 2111 1592 2168 coelorum
1621 2113 1784 2185 regni
1815 2111 2066 2168 sedibus,

345 2269 540 2322 Notus
570 2265 658 2321 vir
688 2272 811 2321 erat
839 2267 887 2321 B
904 2285 933 2321 e
950 2284 1068 2320 rae
1085 2285 1124 2320 n
1141 2286 1177 2321 u
1194 2286 1239 2333 S,
1282 2259 1302 2345 ΙΙ
1337 2272 1574 2321 ornatus
1608 2270 1666 2320 et
1701 2259 1706 2341 Ι
1730 2266 1988 2321 Cumin
2005 2285 2200 2333 enuS,

343 2377 543 2444 pastor
576 2363 582 2447 Ι
604 2370 650 2423 C
667 2386 700 2422 o
714 2367 735 2421 1
750 2388 789 2422 u
803 2386 862 2422 m
874 2368 911 2422 b
929 2386 962 2422 a
998 2366 1000 2435 j
1023 2387 1327 2441 congrum,
1372 2361 1391 2447 ΙΙ
1426 2366 1663 2440 querela
1698 2364 1702 2445 Ι
1723 2367 1944 2440 absque
1981 2366 1985 2443 Ι
2004 2369 2063 2422 Α
2077 2368 2097 2423 i
2113 2369 2151 2423 d
2166 2388 2200 2424 a
2212 2389 2253 2424 n
2265 2390 2303 2426 u
2318 2392 2364 2439 8,
2430 2446 2436 2453 Ι

345 2479 533 2528 rector
566 2465 782 2550 lbonus
819 2463 824 2548 Ι
841 2471 889 2524 Β
909 2470 1067 2525 aith
1084 2490 1114 2525 e
1129 2488 1170 2524 n
1185 2490 1280 2538 τις,
1324 2463 1343 2547 ΙΙ
1380 2468 1644 2525 summus
1675 2469 1918 2525 antistes
1955 2464 1961 2547 Ι
1982 2472 2028 2526 C
2043 2490 2071 2525 r
2087 2489 2120 2524 0
2136 2477 2160 2525 t
2174 2490 2259 2526 an
2273 2491 2309 2526 u
2322 2492 2368 2539 8,
2396 2470 2421 2501 '³⁸‘

347 2591 493 2646 quos
530 2568 535 2650 Ι
557 2571 892 2629 convocavit
923 2572 1188 2628 dominus
1223 2565 1241 2652 ΙΙ
1280 2566 1285 2651 Ι
1306 2570 1598 2628 coelorum
1629 2570 1791 2646 regni
1823 2570 2054 2628 sedibus
2062 2568 2079 2628 .’

345 2725 551 2781 Tantis
583 2725 864 2781 successit
900 2719 970 2803 ΙΟ
990 2745 1312 2794 amanus,
1356 2719 1375 2804 ΙΙ
1408 2724 1495 2779 vir
1529 2724 1828 2800 ,amabilis
1864 2721 2173 2802 {omnibus

345 2819 609 2907 {Christo
640 2846 794 2883 nunc
831 2821 1020 2905 {sedet
1054 2823 1404 2905 {supremum
1447 2821 1466 2904 ΙΙ
1500 2829 1748 2900 hymnos
1785 2821 2025 2904 {canens
2062 2821 2508 2904 lquindecimuS,

346 2948 492 2984 zoen
515 2934 583 2984 ut
615 2928 838 3006 [carpat
872 2925 1305 2998 {Cronanua
1349 2922 1369 3006 ΙΙ
1407 2923 1733 3006 'conservet
1763 2948 1896 2984 eum
1930 2929 2215 2986 dominu&

347 3050 494 3105 quos
512 3026 575 3058 ³¹⁶*
610 3024 974 3108 {convocabit
1005 3030 1271 3085 dominus
1304 3024 1323 3107 ΙΙ
1362 3030 1682 3108 :coelorum
1714 3030 1876 3104 regni
1910 3031 2162 3087 sedibuS.
2258 3096 2264 3100 .

431 3177 579 3242 Non
627 3189 723 3240 est
754 3181 923 3260 quod
953 3190 1313 3255 moneatur,
1350 3178 1812 3253 assonantiam,
1847 3202 2008 3261 quae
2039 3179 2455 3255 continuatur
2485 3204 2598 3264 per
2684 3261 2687 3264 Ι

259 3286 543 3348 membra
588 3284 911 3360 exeuntia,
947 3284 1223 3347 inveniri
1267 3285 1593 3346 lateralem
1638 3306 1914 3367 quoque,
1949 3296 2024 3346 ut
2068 3284 2134 3346 in
2179 3289 2598 3369 praecedente

259 3391 560 3455 carmine.
632 3391 708 3451 In
750 3389 851 3452 his
894 3391 1144 3453 duobus
1188 3390 1384 3473 igitur
1429 3390 1818 3454 carminibus
1858 3391 2050 3453 etiam
2079 3414 2193 3474 per
2220 3392 2433 3476 plures
2465 3415 2597 3456 ver-

260 3521 369 3562 sus
416 3495 793 3559 continuata
835 3496 1148 3578 reperitur
1187 3519 1318 3559 una
1363 3495 1730 3559 assonantia
1774 3497 2009 3573 finalis,
2060 3498 2173 3581 qui
2212 3520 2350 3561 mos
2384 3509 2597 3562 tamen

260 3603 488 3666 solitus
518 3612 615 3664 est
643 3601 901 3664 nonnisi
930 3603 1262 3665 cambricis
1294 3602 1703 3664 carminibus.
1772 3605 1895 3665 Per
1924 3604 2253 3686 pauciores
2286 3627 2432 3667 vero
2465 3627 2597 3667 ver-

259 3731 368 3773 sus
400 3709 501 3771 vel
533 3709 813 3770 membra
843 3709 1210 3771 assonantia
1242 3695 1615 3770 continuata
1647 3709 1754 3788 (cf.
1785 3731 1849 3791 p.
1883 3715 2033 3790 914)
2067 3710 2259 3772 etiam
2291 3710 2358 3772 in
2389 3710 2596 3773 hiber-

258 3815 420 3878 nicis
462 3814 614 3877 satis
663 3825 965 3876 consueta
1008 3814 1204 3892 fuisse
1252 3815 1520 3888 videtur,
1559 3836 1707 3874 cum
1757 3827 2044 3877 occurrat
2089 3837 2143 3876 e.
2180 3838 2276 3896 gr.
2312 3838 2426 3898 per
2471 3827 2595 3879 tres

401 4074 427 4099 ¹*
463 4072 656 4125 Reddo
695 4071 931 4135 nomina,
963 4077 1025 4124 ut
1048 4071 1184 4142 legit
1207 4071 1331 4124 Am.
1361 4071 1594 4142 Peyron.
1644 4072 1820 4125 Aliter
1855 4074 1997 4125 enim
2024 4074 2160 4143 legit
2184 4075 2447 4143 quaedam
2472 4074 2596 4126 Mu-

259 4157 510 4221 ratoriuS,
554 4156 759 4210 scilieet
798 4144 1116 4222 Simlanum,
1158 4157 1537 4221 Fintenamcm‚
1582 4157 2023 4230 DIachlaim-eum,
2052 4160 2339 4227 Seqanum,
2377 4161 2599 4212 Cmrme-

260 4261 377 4306 ηας,
410 4242 738 4294 Bautherius
762 4260 858 4313 pro
883 4243 1200 4306 Baithenus,
1238 4245 1518 4296 Cronanus
1542 4260 1640 4311 pro
1672 4244 1956 4296 Crotamw.

376 4329 430 4354 *⁴
465 4327 783 4397 Legendum
819 4347 971 4397 quem
1008 4330 1078 4382 ob
1115 4329 1217 4381 fut.
1259 4328 1596 4392 convocabit,
1641 4331 1947 4381 Cronanum
1987 4329 2164 4382 adhuc
2200 4330 2497 4397 viventem,
2530 4341 2603 4385 ffut

260 4421 412 4485 patet
447 4431 477 4466 e
513 4413 958 4483 praecedentibus
997 4414 1266 4467 versibus:
1309 4431 1452 4466 nunc
1479 4414 1647 4486 sedet,
1679 4431 1809 4467 zoen
1840 4414 2043 4484 (vitam)
2075 4421 2137 4466 ut
2161 4426 2359 4485 carpat,
2392 4436 2603 4471 conser-

260 4507 352 4553 vet
377 4517 500 4551 eum
528 4499 802 4552 dominus.
849 4500 952 4551 Est
977 4499 1176 4552 saeculi
1203 4498 1417 4568 septimi
1441 4498 1611 4567 igitur
1636 4499 1723 4551 hic
1749 4500 1998 4569 hymnus.

362 4599 498 4639 vor..
529 4583 608 4636 II.
2146 4595 2221 4650 72
