3150 5242
476 371 561 431 V.
609 377 666 430 1.
737 389 1102 433 nnva'no
1130 388 1413 437 GALLmA
1444 390 1527 431 ΕΤ
1559 388 1934 432 nummum
1966 388 2306 433 nmmum.
2450 369 2574 428 775

211 542 279 604 in
306 539 573 603 nomine
605 539 899 603 Chabilci
929 542 1101 622 apud
1130 540 1472 614 Avienum,
1508 561 1641 600 non
1671 538 1943 615 diverse,
1974 550 2049 601 ut
2078 537 2353 613 videtur,
2381 560 2419 600 a
2448 560 2562 600 no-

205 645 379 708 mine
426 640 893 723 Καλούκωνες,
941 643 1286 708 Καοῦλκοι
1329 647 1500 729 apud
1547 645 1758 707 Strab.
1795 657 1860 707 et
1890 645 2091 721 Ptol„
2127 666 2288 706 num
2329 643 2560 727 gallico

201 776 281 815 an
311 750 726 835 germanico?

369 859 580 921 Asc<
611 851 733 919 “in
761 879 927 940 pago
955 850 1388 920 Violascensi''
1421 857 1645 920 Sidon.
1682 859 1868 939 epist.
1911 862 1970 932 2,
2008 864 2107 918 14.
2163 856 2315 918 Alia
2343 878 2554 918 exem-

201 966 330 1048 pla,
363 965 484 1025 sed
507 962 856 1039 interdum,
880 974 954 1026 ut
975 963 1245 1039 videtur,
1266 986 1301 1025 e
1325 963 1736 1046 sequentibus
1760 962 2048 1024 formulis
2072 972 2463 1024 transsumta
2485 962 2556 1025 in

201 1071 628 1133 Testamento
670 1069 979 1145 Abbonis,
1023 1083 1325 1132 renovato
1368 1070 1532 1131 circa
1574 1091 1635 1131 a.
1676 1075 1821 1145 805,
1858 1091 1961 1151 ap.
2000 1068 2251 1131 Mabill.
2287 1068 2445 1150 dipl.
2481 1090 2548 1151 p.

207 1184 346 1239 507.
389 1182 548 1236 508.
589 1181 749 1236 509:
801 1176 1135 1251 cravasca,
1187 1175 1545 1250 Bicorasco,
1602 1174 1959 1250 Basciasco‚
1995 1174 2379 1237 Aebasciaco
2411 1178 2552 1255 (no-

200 1283 377 1345 mina
409 1283 703 1344 locorum
733 1280 896 1346 circa
924 1282 1123 1364 Alpes
1151 1281 1553 1362 maritimas).
1613 1280 1897 1342 Ibidem:
1929 1274 2047 1341 “in
2078 1303 2243 1363 pago
2275 1282 2551 1344 Matasc-

198 1410 348 1451 ense
393 1390 712 1451 Cornaoe.
776 1387 1053 1449 Doliana
1091 1387 1160 1449 in
1205 1410 1371 1471 pago
1411 1386 1840 1450 Vendascino.
1884 1386 1954 1448 in
1998 1385 2164 1448 valle
2203 1386 2551 1451 Diubiasca

195 1494 367 1556 infra
437 1495 605 1556 fines
659 1486 1275 1575 Langobardorum''
1284 1542 1299 1555 .
1387 1493 1585 1556 ESC:
1644 1492 1868 1555 civitas
1922 1493 2549 1574 Carpentoractensis

194 1622 375 1661 nunc
408 1599 737 1662 Vindesca
766 1600 996 1662 Libell.
1033 1598 1319 1681 provinc.
1348 1601 1540 1662 Rom.
1569 1599 1638 1661 in
1671 1600 1941 1682 Eutrop.
1972 1600 2073 1660 ed.
2102 1598 2543 1682 Haverkamp.

186 1699 320 1768 “ad
349 1706 580 1767 villam
606 1698 1030 1767 Seanescum''
1060 1707 1209 1767 Act.
1241 1705 1361 1768 SS.
1389 1705 1641 1768 Mabill.
1673 1727 1836 1768 saec.
1870 1712 1930 1767 3.
1963 1711 2024 1781 2,
2055 1709 2201 1766 423.
2255 1705 2396 1767 ISC
2427 1705 2547 1766 fre-

195 1811 503 1894 quentior
547 1811 768 1872 ceteris
812 1811 891 1872 in
925 1810 1293 1874 nominibus
1337 1811 1619 1874 virorum
1657 1823 1721 1874 et
1749 1811 2165 1894 populorum.
2218 1810 2548 1874 Vertiscus

195 1919 384 1981 Caes.
421 1915 736 1992 Taurisci,
769 1916 1079 1979 Scordisci
1103 1920 1355 1998 (gentes
1376 1917 1671 1999 gallicae)
1698 1916 1872 1979 Plin.
1918 1909 2270 1997 Ουϊβίσκοι
2294 1917 2404 1998 (cf.
2433 1916 2547 1979 Vi-

196 2022 342 2085 bius
367 2024 579 2085 Inscr.
603 2022 801 2085 Orell.
828 2026 1021 2104 2060)
1040 2024 1210 2085 Ptol.
1242 2022 1462 2086 Ubisci
1486 2024 1660 2087 Plin.
1683 2023 1941 2087 Vivisca
1962 2045 2120 2105 gens
2136 2024 2382 2084 Auson.
2404 2022 2545 2085 Mo-

199 2129 335 2191 sell.
376 2134 530 2188 438.
573 2126 880 2204 Eravisci,
914 2129 1203 2191 Aravisci
1234 2131 1561 2217 (Pannon.
1596 2151 1744 2212 pop.
1753 2178 1774 2206 ,
1811 2131 1892 2191 ad
1921 2128 2076 2190 fluv.
2111 2130 2474 2192 Arabonem
2492 2129 2545 2210 ἲ)

200 2234 373 2297 Plin.
414 2234 571 2295 Tac·
629 2232 1048 2297 Enniniscius
1086 2236 1334 2297 Auson.
1383 2244 1633 2316 parent.
1674 2239 1775 2296 21.
1841 2236 1925 2297 In
1965 2233 2333 2297 nominibus
2378 2235 2545 2298 loco-

201 2363 380 2402 rum:
435 2338 771 2410 Viviscum
802 2338 949 2419 (loc.
986 2342 1065 2402 ad
1109 2341 1229 2403 lac.
1266 2343 1616 2422 Lemann.)
1650 2342 1809 2403 Tab.
1849 2343 1967 2416 P.;
2005 2363 2152 2402 cum
2195 2340 2336 2402 aliis
2382 2340 2544 2402 deri-

200 2444 566 2509 vationibus
609 2446 1131 2508 antecedentibus
1171 2447 1274 2508 vel
1314 2447 1764 2528 sequentibus:
1819 2446 2087 2510 Isinisca
2118 2447 2266 2526 (100.
2302 2446 2545 2508 Vinde-

200 2552 362 2635 lic.)‚
403 2550 742 2614 Petenisca
781 2551 928 2633 (loc.
966 2552 1261 2635 Helvet.)
1294 2553 1453 2615 Tab.
1492 2555 1568 2615 P.
1636 2552 1931 2630 Matisco,
1970 2552 2326 2614 Matiscone
2357 2551 2536 2634 (hod.

200 2660 465 2739 Macon)
486 2659 668 2721 CaeS.
693 2658 852 2720 Tab.
877 2661 954 2721 P.
977 2659 1328 2722 Laviscone
1345 2660 1734 2742 (Allobrog.)
1752 2661 1912 2722 Tab.
1934 2662 2013 2722 P.
2035 2654 2540 2721 “monasterium

200 2766 372 2847 quod
404 2763 871 2827 Condatiscone
901 2764 1164 2827 vocitari
1194 2758 1570 2828 voluerunt''
1606 2766 1801 2848 Greg.
1839 2767 1994 2828 Tur.
2024 2765 2161 2828 Vit.
2188 2774 2354 2847 patr.
2385 2786 2440 2825 0.
2477 2771 2533 2825 1.

196 2869 584 2933 Condatisco
613 2880 888 2932 monast.
920 2872 1028 2952 (cf.
1067 2872 1607 2954 Condatomagus,
1645 2871 1818 2934 Gall.
1856 2871 2107 2947 meriti„
2133 2881 2197 2932 et
2221 2871 2532 2946 Condate,

196 2976 373 3039 Gall.
412 2984 603 3057 sept.,
640 2974 710 3036 in
740 2976 932 3056 Itin.)
974 2976 1143 3039 Boll.
1180 2977 1365 3039 Febr.
1408 2984 1476 3052 3,
1518 2984 1663 3038 741.
1705 2985 1849 3038 745.
1890 2970 2021 3039 “ad
2058 2976 2296 3038 montis
2327 2976 2537 3059 perfu—

195 3081 381 3163 gium
405 3073 782 3142 Latisconi''
807 3082 976 3144 Boll.
1005 3082 1048 3143 J
1051 3081 1141 3143 ul.
1179 3089 1236 3158 7,
1273 3088 1374 3143 70.
1422 3083 1478 3144 Ε
1510 3082 1744 3145 chartis
1776 3082 1971 3144 medii
1994 3081 2163 3143 aevi:
2197 3081 2538 3144 Terniscus

193 3186 456 3269 (episc.)
488 3207 547 3247 a.
583 3192 728 3262 678,
766 3187 1107 3249 Teuriscus
1140 3179 1401 3270 (judex)
1433 3211 1492 3251 a.
1527 3194 1646 3249 853
1683 3210 1786 3271 ap.
1825 3188 2075 3250 Mabill.
2106 3209 2171 3269 p.
2203 3194 2351 3248 469.
2385 3193 2530 3248 531.

191 3291 479 3366 GaliscO,
514 3291 850 3355 Attanisco
881 3295 1080 3375 (nom.
1116 3294 1342 3376 locor.)
1375 3294 1445 3356 in
1489 3316 1705 3357 renov.
1744 3303 1888 3355 test.
1924 3290 2213 3356 Abbonis
2251 3313 2355 3374 ap.
2393 3292 2533 3353 Ma·

187 3396 326 3461 bill.
363 3419 430 3479 p.
471 3403 618 3457 509.
684 3398 1061 3461 Matriscum
1106 3423 1164 3462 a.
1205 3406 1351 3476 884,
1390 3399 1726 3462 Seniscum
1770 3422 1828 3461 a.
1869 3405 1989 3460 960
2032 3422 2134 3482 ap.
2174 3396 2426 3459 Mabill.
2462 3418 2527 3480 p.

193 3510 342 3564 551.
383 3508 531 3564 572.
598 3502 763 3566 OSC
815 3504 1077 3569 fortasse
1129 3528 1162 3568 e
1216 3517 1519 3589 sequente
1561 3505 1834 3568 formula
1876 3504 1946 3566 in
1990 3513 2335 3566 memorato
2382 3513 2527 3565 test.

188 3607 511 3671 Abbonis:
554 3601 674 3680 f‘in
718 3610 1067 3673 NanosceS.
1118 3614 1197 3675 de
1243 3615 1601 3675 BonnoscO.
1643 3633 1834 3693 super
1876 3609 2210 3673 Bricoscis.
2246 3608 2533 3671 colonica

190 3713 302 3776 ubi
326 3713 560 3776 dicitur
582 3713 973 3779 Albarioseo.
1004 3718 1082 3780 de
1106 3719 1527 3781 Lavarnosco.
1558 3717 1896 3780 Craviosco
1919 3719 2139 3800 (supra
2162 3716 2523 3796 Cravasca).

189 3823 583 3885 Cattorosco.
620 3820 734 3881 ubi
761 3820 992 3885 dicitur
1013 3823 1367 3887 Riaciosc0.
1404 3824 1483 3886 ad
1509 3822 1907 3885 Lavariosco.
1942 3821 2012 3883 in
2042 3843 2207 3905 pago
2231 3821 2529 3903 Seguste-

184 3927 315 3990 rico
359 3917 803 4003 Lavariosco'',
839 3950 942 4011 ap.
995 3929 1244 3992 Mabill.
1288 3951 1354 4011 p.
1395 3936 1540 3991 508.
1583 3934 1729 3989 509.
1770 3934 1914 3989 510.
1983 3928 2184 3991 USC:
2235 3926 2526 4010 Rugusci

186 4036 361 4116 (pop.
392 4030 631 4114 alpin.)
665 4031 837 4093 Plin.
868 4034 1040 4097 Ptol.
1070 4036 1432 4098 Caranusca
1459 4034 1606 4115 (loc.
1638 4033 1839 4109 Gall.,
1868 4055 2063 4117 prope
2088 4032 2526 4112 Mediomatr.)

182 4141 338 4202 Tab.
377 4139 455 4202 P.
487 4130 610 4198 “in
639 4138 804 4201 valle
833 4133 1170 4204 Venusca''
1201 4141 1424 4204 Baluz.
1467 4146 1525 4216 2,
1561 4163 1628 4224 p.
1673 4145 1857 4201 1458.

1165 4376 1564 4383 ψ
