3150 5242
598 391 969 436 Arrnnmx.
1035 390 1368 434 srncmnn
1398 390 1650 434 comcrs
1683 390 2041 434 mmmmm
2072 391 2191 433 ML.
2404 370 2556 432 1071

223 555 402 628 gent,
438 544 549 607 sed
588 541 855 617 addidit,
895 541 964 604 in
1000 541 1268 624 judicio,
1303 541 1424 604 hoc
1454 551 1571 617 est,
1606 562 1741 604 non
1769 551 2105 624 resurgent
2134 542 2211 604 ad
2244 540 2569 604 examina-

229 644 528 726 tionem,³
570 650 681 711 sed
722 657 1077 730 resurgent,
1125 657 1201 710 ut
1244 646 1463 710 statim
1506 645 1891 710 sententiam
1933 647 2362 711 damnationis
2389 648 2569 719 ‚exci-

227 754 471 840 piant.‘²
533 757 620 818 Et
662 775 754 815 ne.
785 753 948 815 forte
994 775 1074 815 ex
1117 752 1443 816 communi
1484 751 1960 816 resurrectionis
1994 752 2255 815 nomine
2290 775 2571 816 commu-

226 883 384 924 nem
433 859 844 924 aestimantes
860 856 887 893 ⁵
938 859 1130 922 etiam
1175 859 1620 941 expulsionem
1657 858 1941 921 futuram
1987 880 2122 921 esse
2167 871 2567 936 cunctorum,

227 965 514 1031 ostendit
547 965 850 1048 quoniam
880 965 949 1028 in
980 966 1203 1029 eodem
1231 976 1556 1028 momento
1586 964 2063 1027 resurrectionis
2094 987 2328 1048 magna
2358 967 2574 1029 futura

227 1074 313 1137 sit
357 1071 713 1148 diversitas,
764 1082 840 1134 ut
883 1072 1047 1135 alius
1088 1093 1203 1155 per
1244 1071 1424 1134 illam
1468 1073 1549 1134 ad
1594 1071 1900 1134 honorem
1940 1072 2324 1152 perducatur
2341 1121 2359 1148 ,
2409 1073 2573 1136 alius

226 1179 528 1242 mittatur
578 1177 648 1239 in
698 1199 993 1261 poenam.
1075 1177 1216 1240 Erit
1267 1199 1415 1261 ergo
1455 1176 1731 1260 pretiosa
1769 1176 1911 1239 aliis
1956 1189 2021 1239 et
2064 1179 2569 1255 remunerabili&

227 1285 371 1349 aliis
417 1283 629 1367 gravis
668 1294 861 1365 atque
906 1282 1224 1346 terribilis.
1290 1285 1467 1347 Bene
1511 1305 1661 1366 ergo
1698 1284 1866 1348 inter
1895 1283 2167 1365 impium
2198 1296 2262 1348 et
2289 1299 2574 1368 peccato-

225 1415 365 1454 rem
398 1389 548 1453 fecit
578 1389 1023 1465 differentiam,
1052 1400 1118 1452 et
1140 1388 1367 1472 impios
1392 1390 1650 1471 quidem
1675 1389 1766 1452 ait
1788 1389 1856 1451 in
1873 1388 2191 1471 judicium
2216 1412 2347 1452 non
2372 1412 2574 1452 resur-

227 1520 404 1582 gere,
440 1496 508 1558 id
543 1505 669 1571 est,
705 1506 779 1557 ut
820 1495 1113 1577 superius
1156 1495 1464 1572 diximuS,
1497 1518 1632 1560 non
1661 1496 1731 1558 in
1761 1495 2300 1559 examinationem
2330 1495 2567 1571 venire,

226 1612 595 1687 peccatores
626 1612 841 1665 autem
869 1601 939 1663 in
970 1600 1239 1664 concilio
1260 1601 1607 1684 justorum,
1636 1603 1757 1664 hoc
1789 1613 1907 1677 est,
1936 1612 2012 1663 ut
2040 1601 2224 1662 nulla
2245 1601 2373 1663 illis
2400 1601 2576 1663 sitin

222 1710 554 1793 justorum
584 1703 1136 1771 remuneratione⁶
1166 1709 1550 1773 communi0.
1612 1710 1975 1771 Tradentur
2005 1729 2153 1787 ergo
2185 1717 2249 1769 et
2278 1707 2400 1788 ipsi
2431 1729 2578 1789 sup-

228 1814 478 1899 pliciis;
508 1834 660 1876 nam
684 1812 796 1896 qui
818 1835 930 1895 per
951 1823 1209 1895 peccata
1234 1814 1664 1877 excluduntur
1686 1836 1724 1876 a
1745 1812 2065 1896 praemiiS,
2096 1834 2171 1874 ea
2194 1811 2330 1874 sine
2355 1813 2574 1889 dubio,

231 1942 402 2004 quae
430 1930 586 1982 sunt
614 1917 910 2002 praemiis
934 1918 1202 1995 diversa,
1231 1919 1580 2003 patientur.
1631 1919 1716 1982 In
1739 1919 1859 1981 hoc
1883 1940 2030 2002 ergo
2054 1918 2174 1980 erit
2198 1919 2575 1995 differentia,

231 2038 307 2090 ut
337 2024 527 2107 impii
557 2024 817 2107 quidem
844 2037 1181 2107 resurgant
1208 2047 1341 2088 non
1363 2023 1807 2101 discutiendi,⁷
1838 2018 1949 2088 s'ed
1971 2024 2189 2087 statim
2212 2024 2366 2087 locis
2390 2023 2581 2086 tristi-

230 2134 357 2196 bus
405 2129 779 2213 deputandi,
813 2141 1170 2212 peccatores
1216 2152 1386 2206 vero,
1423 2114 1500 2192 ut
1532 2131 1714 2193 nulla
1734 2131 1931 2214 justis
1960 2129 2408 2193 communione
2432 2129 2584 2212 jun·

232 2246 499 2321 gantur.
565 2236 711 2298 Hoc
755 2246 971 2299 autem
1012 2235 1525 2300 manifestissime
1554 2259 1634 2299 ex
1664 2237 1765 2300 his
1797 2258 1959 2318 quae
1989 2246 2345 2318 sequuntur
2374 2245 2583 2297 osten-

234 2343 455 2407 ditur:
506 2340 808 2423 quoniam
850 2341 1029 2405 novit
1072 2341 1369 2405 dominus
1413 2341 1584 2405 viam
1616 2342 1962 2425 justorum,
2009 2341 2078 2404 id
2115 2352 2234 2416 est,
2283 2341 2583 2423 placitam

234 2449 364 2514 sibi
396 2459 463 2511 et
493 2458 815 2531 acceptam
845 2469 981 2510 esse
1004 2446 1532 2515 remunerationis
1558 2447 1922 2511 testimonio
1945 2447 2343 2529 perdocebit:
2380 2458 2444 2508 et
2466 2446 2585 2508 iter

237 2554 591 2638 impiorum
619 2548 924 2636 peribitfl.
952 2555 1106 2617 Ideo
1137 2553 1332 2638 igitur
1362 2576 1495 2617 non
1522 2564 1866 2637 resurgunt
1888 2552 2094 2636 impii,
2126 2553 2276 2642 quia
2298 2551 2586 2615 omnium

236 2662 381 2726 viae
421 2660 700 2743 perfecta
737 2659 842 2723 dei
871 2660 1101 2724 notitia
1129 2661 1562 2737 continentur,
1601 2671 1791 2742 atque
1822 2663 1901 2724 ab
1932 2660 2053 2723 hoc
2084 2658 2222 2723 sine
2253 2658 2387 2721 ulla
2415 2658 2583 2720 dela-

238 2767 420 2831 tione
450 2764 975 2830 resurrectionem
1005 2789 1224 2831 eorum
1253 2766 1532 2830 conditio
1562 2777 1628 2830 et
1657 2789 1791 2830 sors
1822 2767 2019 2850 digna
2047 2764 2372 2847 suscipiet.

551 3109 636 3170 G.
747 3108 1236 3191 Specimen
1315 3110 1845 3192 glossarum
1926 3108 2287 3170 codicis

1015 3215 1837 3278 Carlisruhensis:

411 3400 675 3461 Bedae
719 3401 988 3483 capita
1033 3403 1423 3484 quaedam
1467 3400 1993 3464 luculentius
2037 3401 2430 3483 glossata.

425 3587 524 3648 De
568 3596 798 3648 natura
844 3608 1057 3648 rerum
1098 3609 1236 3669 cap.
1272 3588 1356 3651 V.
1422 3589 1521 3649 De
1551 3589 1974 3650 firmamento,
2036 3588 2309 3655 Coelum
2339 3590 2590 3652 subtilis

247 3693 603 3777 igneaeque
628 3702 912 3754 'naturae
952 3693 1427 3775 rotundumque
1466 3706 1530 3755 et
1575 3716 1614 3755 a
1643 3704 1860 3756 centro
1893 3705 2092 3757 terrae
2123 3694 2339 3776 aequis
2371 3696 2592 3778 spatiis

249 3797 541 3880 undique
572 3798 932 3875 collectum,
962 3799 1134 3861 unde
1164 3809 1261 3861 est
1292 3810 1355 3861 et
1385 3821 1743 3880 convexum
1772 3800 2180 3882 mediumque
2211 3822 2592 3884 quacunque

250 3913 576 3965 cernatur.
656 3903 1078 3968 Inenarrabili
1098 3902 1117 3937 ¹
1176 3904 1497 3968 celeritate
1546 3907 1832 3989 quotidie
1889 3906 2236 3989 circumagi
2277 3907 2593 3991 sapientes

251 4008 483 4071 mundi
528 4008 851 4086 dixerunt,
887 4010 978 4072 ita
1019 4020 1093 4071 ut
1136 4020 1369 4085 rueret,
1409 4012 1463 4072 si
1493 4035 1625 4074 non
1656 3991 2056 4095 planetarum
2086 4035 2352 4075 occursu
2383 4015 2595 4076 mode-

275 4150 336 4158 ⁶—-

400 4233 430 4281 3
469 4229 534 4280 do
557 4246 666 4280 mes
768 4232 797 4280 4
836 4229 1132 4296 οοαῡζίωηαί
1233 4234 1261 4281 5
1305 4229 1383 4298 (in
1407 4229 1603 4300 marg.)
1632 4230 1940 4284 nadnetmai
1957 4231 2401 4286 undumenmarni
2425 4250 2481 4284 .1.
2510 4251 2596 4284 ar-

255 4312 695 4368 natomnamarui
772 4317 801 4368 6
841 4313 1463 4383 hitindn-aculfoekraice
1548 4319 1575 4366 ’ἲ
1613 4316 1852 4368 arambet
1875 4317 2054 4369 etailsi
2122 4322 2151 4369 8
2192 4336 2247 4370 .1.
2278 4319 2443 4370 lauare
2467 4320 2596 4369 nad-

256 4401 421 4454 roba'e
445 4399 507 4451 m‘
526 4400 592 4451 do
614 4398 913 4468 deynimaib
936 4400 1019 4452 lau

404 4485 514 4555 (Cr.
549 4485 657 4555 18²³)
737 4488 757 4537 1
800 4484 872 4537 isi
892 4486 1053 4538 adduc
1081 4485 1159 4554 (in
1186 4485 1305 4537 cod.
1335 4485 1619 4538 inerrabili
1639 4486 1921 4557 celerima)
