3150 5242
493 389 863 433 APPENDIX.
942 390 1223 432 GLOSSAE
1254 388 1629 433 CAMBRICAE
1661 387 2305 431 LUXEMRURGENSES.
2405 365 2567 427 ¹097

238 540 483 605 creithi.
535 540 753 604 assiles
779 539 1058 603 cronion.
1106 539 1378 623 garrulis
1402 539 1659 623 riylion.
1701 538 2092 623 spumatieus
2118 559 2368 600 euonoc.
2408 536 2571 599 iner-

237 659 331 711 tes
364 646 625 710 blim‘on.
692 647 837 709 tabe
868 646 1082 730 usedis
1113 645 1414 709 nicedlest
1439 645 1702 709 ne'viom.
1752 644 2060 728 reg-alosis
2092 642 2432 707 natrolion.
2474 664 2571 705 or-

235 754 358 838 giis
403 753 779 836 imroyalou.
842 750 1118 815 esciferis
1164 752 1468 815 hemlion.
1534 751 1706 815 senis
1738 749 2045 814 ensiniou.
2108 750 2250 813 fidis
2283 748 2572 813 torui-sio-

237 860 388 923 lio'n.
447 859 656 922 fusam
681 858 964 943 yurpait.
1013 856 1479 921 andrivenereis
1511 857 1974 921 couuantolion.
2025 856 2442 920 sulcavissent
2472 877 2570 917 ro-

234 964 472 1029 ric-seli.
545 987 719 1028 samo
750 987 970 1027 ancon.
1046 965 1309 1047 congelo
1340 986 1677 1048 conyroyu.
1745 963 2006 1027 olivavit
2035 962 2411 1047 royultjvias.
2476 983 2570 1024 se-

233 1141 334 1148 ”—
343 1139 654 1146 ——ae—-w,—

229 1236 412 1307 genia.
452 1234 730 1288 conclavas
769 1252 950 1288 venas.
991 1236 1294 1289 lectriceam
1332 1236 1622 1290 lectricem.
1667 1237 1816 1290 conis
1854 1236 2074 1290 occuliS.
2130 1235 2330 1288 baiolat
2368 1239 2568 1303 portat.

228 1339 436 1393 gugras
463 1319 655 1391 capita.
706 1319 921 1389 gibrose
944 1321 1197 1374 humane.
1249 1321 1432 1390 gibras
1457 1310 1724 1375 homines.
1776 1321 2000 1375 dusmus
2026 1322 2293 1375 diabolus.
2339 1317 2571 1372 follami-

227 1408 315 1460 nis
341 1405 517 1459 vallis.
547 1412 774 1476 occupat
796 1412 1009 1476 acupet.
1047 1406 1286 1476 gibriosa
1308 1407 1562 1459 humana.
1603 1406 1793 1460 lastrat
1816 1406 2029 1485 inyitat.
2069 1413 2351 1477 quaeraesta
2371 1403 2567 1457 bestia.

227 1509 520 1547 sennarum
546 1491 808 1544 dentium.
861 1492 1172 1556 Quaeritur,
1202 1510 1384 1546 annon
1423 1493 1493 1546 sit
1524 1492 1833 1545 addendum
1869 1492 2058 1547 etiam:
2098 1500 2229 1546 tona
2261 1489 2563 1553 mortalem,

228 1596 354 1632 cum
384 1584 507 1631 tona
528 1576 601 1647 (p.
625 1577 742 1647 108)
761 1578 1062 1647 praecedat,
1081 1577 1305 1631 indubie
1327 1579 1594 1633 cambriea
1610 1586 1792 1631 autem
1811 1586 2105 1648 sequantur
2121 1578 2344 1631 latinam
2363 1593 2567 1629 vocem.

370 1662 765 1727 Douohinnovn,
795 1670 1011 1716 austum
1035 1663 1073 1716 i.
1103 1681 1150 1716 e.
1179 1664 1451 1729 haustum,
1481 1665 1734 1727 haustus3
1764 1680 1862 1733 pro
1888 1681 1995 1733 quo
2021 1663 2270 1733 equidem
2296 1667 2572 1731 exspecta-

228 1749 402 1802 verim
439 1749 782 1803 donorinnom
820 1757 1038 1822 propter
1071 1750 1211 1803 infra
1248 1767 1477 1820 sequens
1511 1751 1919 1820 doyuorennam‚
1949 1748 2218 1819 profundo
2250 1747 2338 1818 (cf.
2368 1746 2437 1799 ob
2463 1747 2569 1799 for·

226 1853 375 1888 mam
414 1842 470 1888 et
494 1835 936 1905 compositionem
962 1855 1016 1907 p.
1048 1839 1166 1889 789.
1197 1836 1341 1906 879).
1380 1854 1483 1899 rec,
1514 1837 1684 1900 sulco,
1726 1835 1842 1888 sine
1877 1834 2256 1887 terminatione
2280 1831 2568 1904 personali,

227 1929 295 1974 ut
331 1921 473 1974 infra
510 1939 792 1992 conqroqu,
823 1923 1067 1992 congelo‚
1110 1922 1240 1974 dum
1276 1922 1431 1975 adest
1466 1921 1523 1973 in
1560 1921 1699 1974 aliis.
1755 1921 1953 1989 droqn,
1996 1927 2200 1993 coetus,
2244 1918 2384 1971 infra
2418 1918 2568 1986 qu,

226 2007 429 2070 factio;
472 2017 618 2061 recte
665 2007 818 2059 affert
855 2006 1078 2060 Monius
1117 2007 1325 2060 hibern.
1367 2007 1564 2076 (irony,
1605 2013 1823 2071 coetus,
1868 2006 2070 2076 copiae.
2118 2005 2388 2074 quparch‚
2430 2019 2572 2065 com-

225 2110 349 2163 pos.
391 2109 420 2145 e
455 2109 637 2163 praep.
676 2110 792 2161 qm,
829 2111 938 2162 90-,
976 2110 1104 2161 quo-
1144 2099 1198 2144 et
1234 2092 1406 2145 subst.
1439 2093 1614 2161 parc-h
1648 2091 1864 2162 (honor)
1894 2091 2045 2144 Mab.
2080 2095 2136 2154 1,
2168 2094 2251 2154 36,
2294 2106 2415 2141 cum
2453 2104 2571 2161 par·

224 2177 400 2231 ticula
432 2178 699 2247 privativa
732 2177 953 2230 amarch
981 2178 1067 2248 (π
1092 2179 1390 2248 ‹zm-purch)
1419 2177 1570 2229 Mab.
1607 2181 1652 2241 1,
1682 2180 1801 2242 276,
1831 2177 2070 2247 ejusdem
2100 2193 2229 2245 ergo
2267 2175 2379 2228 fere
2405 2173 2574 2244 signi-

225 2261 498 2316 ficationis
536 2269 598 2316 ut
643 2279 871 2331 sequens
909 2263 1042 2327 clot3
1083 2264 1359 2333 quaeritur
1392 2263 1537 2327 inde,
1578 2280 1648 2315 an
1683 2271 1830 2316 recte
1870 2262 1942 2315 sit
1974 2263 2174 2323 lectum
2212 2261 2296 2314 vel
2333 2260 2570 2313 locatum

225 2349 328 2402 lat.
356 2353 576 2400 remota.
617 2348 736 2410 dot,
766 2364 966 2412 rumor,
996 2347 1033 2399 i.
1064 2365 1111 2401 e.
1141 2349 1330 2417 gloria,
1361 2349 1762 2402 substantivum
1788 2347 2285 2418 frequentissimum
2310 2346 2367 2397 in
2391 2344 2566 2407 Mab.,

224 2433 381 2487 haud
417 2433 582 2486 dubie
616 2433 926 2504 ponendum
963 2451 1060 2503 pro
1097 2434 1202 2498 dot,
1232 2420 1379 2504 quod
1413 2434 1636 2487 exhibet
1657 2433 1902 2486 Monius.
1954 2432 2140 2495 crihot,
2171 2431 2364 2494 vibrat,
2394 2430 2509 2482 sine
2537 2430 2573 2481 l·

228 2518 473 2571 immissa
505 2518 655 2583 criot,
686 2518 977 2572 concordat
1002 2536 1123 2571 cum
1150 2519 1349 2571 cambr.
1379 2519 1509 2573 hod.
1539 2518 1723 2588 crydu,
1758 2517 1963 2588 crydiu,
1993 2523 2230 2588 quatere,
2262 2521 2566 2577 concutere,

228 2612 459 2677 excepta
482 2605 655 2659 vocali
682 2624 712 2656 o
735 2612 859 2674 post
883 2604 919 2668 i,
949 2604 994 2658 si
1019 2623 1128 2658 non
1153 2612 1235 2657 est
1259 2604 1378 2658 loco
1403 2605 1648 2659 internae
1674 2604 1697 2657 i
1718 2603 1882 2676 hujus
1908 2620 2184 2675 personae.
2237 2603 2376 2656 Item
2401 2618 2572 2653 νοονε-

227 2691 413 2754 dihan,
443 2692 642 2744 rectius
666 2691 947 2755 rocretian,
976 2691 1250 2755 rom-itiam
1281 2691 1524 2761 vigricat,
1552 2691 1754 2745 rectius
1781 2691 2016 2754 vibritat,
2047 2708 2169 2742 cum
2194 2687 2487 2759 praemissa
2509 2705 2571 2740 ro

227 2775 516 2840 intensiva,
547 2794 668 2829 cum
691 2777 820 2829 hod.
850 2776 1091 2847 erydian.
1132 2776 1323 2829 creithi
1348 2776 1583 2848 (p.290).
1624 2776 1856 2840 cronica,
1886 2776 2089 2847 assiles,
2120 2774 2261 2844 sing.
2290 2791 2433 2836 eron,
2463 2779 2573 2825 tor-

228 2861 414 2914 natilis
449 2860 613 2924 infra,
655 2879 837 2914 crwnn
872 2861 1044 2925 Mab.,
1087 2853 1298 2916 hibern.
1341 2869 1448 2915 vet.
1490 2861 1696 2926 cruind,
1740 2861 2008 2914 rotundus
2051 2860 2124 2930 (p.
2159 2861 2299 2931 168).
2351 2859 2566 2929 riqlion,

229 2946 451 3016 garruli,
481 2951 576 2998 aut
612 2946 805 2999 riolion
838 2946 1130 3016 legendum
1167 2955 1249 3000 est
1286 2954 1381 3000 aut
1417 2947 1662 3017 riqolion,
1694 2966 1817 3000 cum
1858 2948 1930 3000 sit
1954 2947 2142 3000 eadem
2169 2963 2273 2999 vox
2299 2943 2427 2997 hod.
2457 2942 2567 3013 adj.

229 3030 458 3095 rhuawl,
488 3031 707 3101 loquax,
738 3032 1006 3101 garrulus,
1035 3050 1103 3086 ex
1143 3033 1315 3086 subst.
1344 3033 1449 3085 rhu
1485 3049 1608 3085 cum
1647 3050 1683 3084 u
1720 3050 1817 3102 pro
1854 3032 1891 3097 i,
1922 3039 1984 3086 ut
2012 3050 2183 3101 pump
2219 3048 2314 3101 pro
2353 3036 2569 3083 vetusto

215 3118 402 3189 pimp,
438 3136 476 3187 9
513 3116 665 3169 finali
698 3117 969 3187 primitiva
1003 3118 1186 3170 forsan
1218 3118 1449 3187 perdita.
1500 3135 1710 3181 euonoc,
1755 3118 2119 3188 spumaticus3
2152 3117 2323 3170 subst.
2366 3115 2566 3168 cambr.

228 3203 359 3256 hod.
399 3220 567 3272 ewyn,
597 3219 804 3272 spuma.
861 3203 1077 3268 Minime,
1109 3221 1138 3256 e
1172 3203 1312 3273 sing.
1344 3203 1453 3255 blt'n
1490 3203 1631 3256 infra
1654 3208 1932 3272 sequente.
1989 3201 2166 3271 usedis
2199 3201 2450 3254 nicedlest
2483 3203 2572 3253 πέ-

226 3290 383 3353 viom,
413 3290 555 3353 tabe,
585 3289 719 3341 mihi
757 3289 977 3342 omnino
1019 3290 1265 3341 obscura.
1317 3288 1603 3351 natrolion‚
1634 3287 1711 3357 gl.
1738 3283 2022 3357 tegulosis,
2053 3305 2085 3339 a
2119 3287 2211 3340 lat.
2243 3294 2440 3340 natura
2480 3287 2572 3340 de·

229 3375 426 3427 ducere
465 3374 717 3444 equidem
755 3374 1142 3438 dubitaverim3
1186 3374 1364 3426 forsan
1402 3373 1604 3427 rectius
1638 3372 1926 3426 matralion
1957 3373 2105 3443 (hod.
2135 3372 2242 3442 adj.
2280 3373 2566 3436 madrawk

228 3460 297 3512 cf.
327 3477 473 3511 nom.
503 3459 631 3528 gall.
660 3460 954 3530 Matrona),
985 3461 1134 3530 quod
1158 3467 1300 3513 esset
1324 3459 1533 3529 irrigui.
1588 3458 1902 3529 imoqulou,
1933 3459 2101 3528 orgia,
2131 3458 2272 3529 plur.
2301 3457 2449 3510 haud
2474 3456 2572 3509 du-

226 3545 343 3609 bie,
383 3562 621 3615 compos.
665 3563 787 3597 cum
822 3545 937 3610 im-‚
976 3564 1081 3597 em·
1111 3546 1185 3615 (p.
1217 3545 1359 3615 870),
1401 3546 1495 3598 sed
1530 3545 1722 3615 ignota
1755 3562 1862 3598 vox
1895 3545 2067 3613 νομαί,
2107 3545 2152 3597 si
2192 3562 2301 3597 non
2341 3533 2573 3613 cognata

229 3648 352 3685 cum
377 3631 493 3683 rein
523 3631 572 3700 (e
596 3630 765 3700 reqin,
794 3630 948 3701 royin
964 3632 1010 3702 P)
1041 3631 1366 3684 substantivi
1404 3646 1641 3700 compos.
1671 3646 1886 3701 emreyn
1915 3630 2130 3701 (coitus)
2158 3631 2293 3700 Leg.
2334 3630 2571 3684 benolion

226 3716 519 3786 legendum
555 3716 790 3768 hemlion
828 3717 942 3786 ipse
976 3716 1151 3769 editor
1174 3717 1397 3769 Monius
1431 3721 1631 3780 censet,
1662 3716 1887 3769 afferens
1924 3716 2053 3769 hod.
2095 3717 2294 3769 cambr.
2325 3717 2565 3787 bywawl,

225 3802 400 3866 vivus,
430 3802 500 3854 ad
526 3802 690 3855 vitam
715 3801 1009 3871 pertinens.
1051 3802 1305 3867 ausiniaca,
1337 3819 1366 3854 e
1392 3801 1534 3870 sing.
1563 3801 1694 3854 hod.
1725 3801 1923 3854 cambr.
1953 3800 2103 3864 eisin,
2133 3801 2326 3867 furfur,
2359 3820 2481 3856 cum
2507 3822 2570 3857 eu

226 3904 325 3959 pro
358 3886 661 3940 recentiore
684 3885 737 3937 ei
757 3893 821 3938 ut
844 3886 897 3938 in
927 3885 1066 3938 infra
1090 3893 1349 3956 sequente
1374 3886 1621 3939 kole-used
1634 3906 1651 3944 ,-
1694 3904 1815 3939 cum
1841 3904 1971 3939 voce
1996 3887 2166 3943 latina
2188 3887 2326 3941 senis
2351 3891 2570 3942 concor·

227 3973 323 4026 dat
353 3971 483 4042 gall.
511 3972 643 4024 hod.
670 3988 784 4033 son,
813 3971 1006 4035 furfur,
1038 3979 1267 4042 utraque
1302 3973 1483 4025 forsan
1523 3989 1552 4024 e
1592 3971 1783 4024 celtica
1807 3977 2033 4025 curtata.
2077 3973 2565 4039 toruakioziomfidi,

226 4058 368 4111 infra
400 4057 458 4110 in
496 4057 759 4127 singulari
797 4055 1052 4125 tor-quisi,-
1088 4075 1191 4110 vox
1219 4057 1499 4128 incognita
1522 4056 1703 4121 hodie,
1734 4057 1915 4109 forsan
1942 4058 2240 4129 composita
2264 4060 2473 4129 dor-qu.
2501 4086 2569 4103 =

226 4145 587 4213 do-quor-qu„
630 4141 1111 4195 commonefaciens
1150 4141 1360 4194 hibern.
1390 4150 1498 4196 vet.
1532 4142 1715 4195 tor-isse
1750 4143 1895 4196 idem
1932 4145 2304 4214 significantis.
2350 4146 2575 4216 yurpait

227 4229 479 4281 Monium
504 4235 650 4281 recte
669 4234 802 4297 puto
821 4226 1112 4280 contulisse
1131 4244 1250 4279 cum
1272 4227 1401 4279 hod.
1417 4228 1676 4297 qurboeth
1695 4228 1924 4300 (poetlz),
1943 4231 2103 4284 nimis
2120 4234 2340 4296 ardens;
2370 4232 2564 4298 fusam,

226 4313 408 4367 fusum
428 4329 559 4381 ergo
579 4313 722 4366 idem
739 4313 885 4384 quod
900 4329 989 4366 aes
1006 4313 1206 4365 fusum.
1245 4312 1614 4365 couuantolz'on
1635 4312 1708 4382 (p.
1735 4316 1874 4385 145).
1914 4315 2172 4384 roricseti,
2193 4320 2564 4383 suleavissent,

225 4417 256 4452 e
280 4416 445 4469 supra
469 4405 765 4451 memorato
789 4416 875 4450 rec
901 4398 984 4451 vel
1009 4415 1201 4462 recum,
1231 4398 1412 4461 sulco;
1448 4398 1545 4451 sed
1568 4399 1954 4469 postulandum
1981 4403 2196 4457 videtur
2218 4404 2477 4458 roricsent
2500 4408 2569 4459 ob

227 4482 666 4537 terminationem
704 4483 804 4535 -eti
838 4483 1136 4536 inauditam
1174 4483 1228 4535 in
1270 4483 1536 4536 cambrica
1571 4484 1779 4553 lingua.
1832 4503 2016 4553 ancon,
2057 4488 2113 4541 in
2139 4490 2339 4543 Vocab.
2383 4492 2568 4544 eadem
