3150 5242
655 395 739 457 V.
776 399 838 456 2.
901 412 1298 458 composa-10
1328 412 1741 458 BluTANNch
1773 410 2129 457 nonnum.
2436 385 2563 451 859

259 562 490 646 vestris)
521 569 580 640 2,
618 567 765 627 226.
809 561 1114 628 camarda
1145 566 1375 647 (equus
1412 565 1701 647 pugnae)
1732 568 1793 639 2,
1837 569 1936 625 10.
1984 557 2249 647 tylwyth
2278 559 2560 639 (agmen,

258 668 619 733 habitatores
657 670 906 747 domus,
935 667 1203 751 familia)
1230 673 1292 745 2,
1328 676 1354 730 1
1368 672 1428 731 2.
1476 668 1750 753 maendy
1783 669 2036 750 (domus
2066 664 2386 749 lapidibus
2416 682 2565 761 con-

256 777 505 858 structa)
537 781 597 852 2,
637 781 783 838 234.
848 776 1081 839 Corn.:
1118 774 1381 839 denlatk
1411 773 1884 856 (homicidium)
1916 775 2097 837 Pass.
2140 775 2284 846 124,
2322 773 2383 830 2.
2447 769 2566 831 Ar-

254 902 437 945 mor.:
500 879 720 945 leandi
760 881 1014 963 (domus
1058 878 1644 945 sanctimonialium
1659 927 1681 957 ,
1728 876 2214 960 monasterium)
2244 874 2419 938 Buh.
2462 878 2562 948 18,

259 993 349 1048 15.
385 992 486 1063 38,
522 994 585 1050 4.

406 1092 576 1156 Sunt
624 1092 719 1155 ita
768 1093 1116 1175 composita
1157 1092 1422 1156 nomina
1463 1091 1746 1156 virorum
1786 1101 1852 1156 et
1890 1089 2275 1155 feminarum
2316 1095 2571 1153 vetusta

249 1197 439 1280 plura.
506 1198 871 1263 Cambrica:
931 1199 1357 1283 Oabyualatyr
1387 1197 1567 1280 (belli
1595 1199 1757 1279 dux)
1788 1196 1932 1260 Lib.
1968 1197 2177 1260 Land.
2219 1199 2362 1257 124.
2422 1195 2570 1256 Gat-

248 1302 390 1368 uuth
421 1307 706 1387 (pugnae
748 1305 959 1386 ardor)
997 1311 1141 1366 191.
1205 1303 1412 1368 Olotri
1450 1306 1676 1386 (germ.
1725 1302 2144 1367 Chlodoricus
2159 1348 2180 1377 ,
2229 1298 2430 1385 gloria
2471 1298 2568 1360 in-

246 1408 460 1493 signis)
508 1416 656 1472 168.
700 1415 843 1472 169.
911 1410 1214 1475 OurdtIat
1255 1403 1596 1492 (“puella,
1645 1408 1779 1473 filia
1821 1399 2138 1491 Cinguaf'
2157 1432 2178 1482 3
2228 1406 2273 1469 i.
2309 1428 2367 1469 e.
2417 1424 2572 1466 auro

247 1515 495 1592 vestita3
557 1515 643 1578 ef.
710 1514 1076 1600 Oreidylat,
1141 1537 1379 1579 nomen
1428 1514 1702 1578 feminae
1753 1534 1961 1597 comp.
2008 1534 2158 1576 cum
2208 1511 2337 1594 adj.
2394 1530 2568 1593 crey,

244 1622 630 1705 splendidus,
665 1620 736 1683 in
781 1622 958 1684 Mab.
996 1626 1057 1698 2,
1095 1625 1244 1697 212,
1279 1622 1480 1685 subst.
1515 1641 1711 1684 masc.
1749 1619 1916 1684 ditat
1952 1639 2132 1682 verso
2173 1617 2244 1681 in
2284 1617 2463 1692 fem.,
2499 1622 2575 1677 ut

241 1749 329 1810 gr.
360 1725 630 1794 πέπλον
665 1725 738 1790 in
765 1720 806 1813 ἡ
835 1722 1326 1812 χρυσόπεπλος)
1362 1732 1509 1790 260.
1572 1725 1932 1790 Armorica:
1977 1722 2353 1799 Gathoiarn,
2390 1719 2572 1784 Bud-

242 1831 455 1899 hm'arn
484 1835 759 1917 (fei-mm
786 1855 1063 1917 pugnae,
1099 1832 1427 1915 victoriae)
1457 1842 1579 1897 etc.
1614 1832 1685 1894 in
1714 1832 1917 1895 chart.
1952 1830 2165 1894 Rhed.

397 1940 573 2004 Cum
603 1938 823 2002 eodem
853 1937 1251 2002 substantivo
1277 1937 1529 2021 saepius
1551 1938 1738 2001 obvio
1760 1937 1831 2000 in
1851 1937 2060 2020 priore
2081 1937 2219 2000 loco
2240 1933 2344 1997 vel
2364 1941 2573 2016 poste-

238 2043 388 2109 riore
425 2066 623 2129 posse
662 2043 946 2108 obtinere
989 2042 1533 2126 compositionem,
1569 2053 1648 2106 ut
1674 2043 1744 2105 in
1788 2064 2169 2127 quacunque
2195 2041 2421 2124 lingua
2450 2037 2576 2100 alia
2688 2102 2696 2109 ,

239 2149 426 2227 affini,
462 2150 586 2213 vix
628 2159 746 2226 est,
783 2151 954 2232 quod
992 2158 1364 2224 moneatur;
1411 2149 1615 2232 magis
1654 2149 1911 2233 propria
1952 2148 2023 2212 in
2051 2148 2152 2211 his
2182 2143 2575 2210 britannicae

236 2254 482 2339 linguae
510 2255 807 2319 notanda
836 2264 1011 2318 sunt.
1067 2255 1253 2318 Idem
1282 2254 1758 2319 substantivum
1785 2255 1856 2318 in
1884 2254 2081 2339 priori
2108 2250 2279 2317 loco:
2324 2248 2581 2316 laubael

237 2361 354 2444 (gl.
408 2357 763 2436 secularia3
813 2359 859 2422 i.
895 2380 953 2422 e.
1003 2359 1241 2423 securis
1291 2360 1653 2444 manualis)
1696 2361 1785 2444 gl.
1823 2361 2037 2425 Oxou.
2097 2359 2576 2440 llawuorynyon

225 2466 503 2547 (puellae
545 2488 599 2529 a
637 2465 956 2542 manibus,
1003 2468 1244 2547 servae)
1276 2467 1455 2529 Mab.
1490 2467 1581 2549 fq.
1628 2468 1928 2531 morbran
1960 2465 2076 2549 (gl.
2112 2483 2389 2545 merges;
2432 2460 2481 2523 i.
2515 2480 2573 2522 e.

235 2591 445 2636 corvus
477 2571 807 2655 marinus)
837 2571 927 2655 gl.
963 2571 1177 2637 Oxon.
1227 2571 1525 2636 morhoch
1556 2573 1674 2656 (gl.
1712 2570 2095 2656 delphinus3
2132 2569 2176 2634 i.
2213 2590 2270 2633 e.
2308 2588 2414 2631 sus
2443 2587 2577 2629 ma·

235 2676 376 2757 ris),
421 2676 674 2742 moruil
698 2678 814 2760 (gl.
850 2688 1029 2741 cetus
1048 2701 1066 2751 3
1112 2676 1158 2739 i.
1193 2698 1250 2739 e.
1301 2677 1540 2741 animal
1583 2678 1938 2754 marinum,
1985 2675 2189 2759 mail),
2238 2672 2579 2740 mornader

241 2782 349 2865 (gl.
381 2804 660 2848 murena
672 2807 692 2858 3
729 2782 774 2845 i.
809 2804 867 2846 e.
902 2782 1133 2865 anguis
1162 2785 1285 2864 m.)
1316 2782 1557 2846 Vocab.

397 2889 743 2953 Interdum
784 2887 1259 2951 substantivum
1296 2888 1694 2970 primarium,
1732 2890 1901 2974 quod
1931 2911 1970 2953 a
1996 2875 2412 2972 praecedente
2442 2884 2579 2949 vice

238 2992 496 3075 genitivi
524 2994 841 3075 fungente
870 2991 1124 3075 plenius
1154 2993 1531 3058 describitur
1557 2995 1662 3058 vel
1690 2995 1994 3059 definitur
2022 2995 2093 3058 in
2117 2994 2304 3058 solita
2327 3012 2578 3074 compo-

237 3096 480 3175 sitione,
514 3119 659 3163 non
688 3107 786 3160 est
811 3097 952 3160 loco
980 3097 1350 3184 posteriore,
1391 3100 1504 3162 sed
1531 3099 1604 3163 in
1632 3100 1873 3182 priore:
1924 3100 2310 3165 tatmaetheu
2341 3102 2578 3181 (patres

236 3202 544 3282 alimenti)
576 3203 762 3267 Mab.
800 3209 861 3280 3,
900 3208 1003 3264 35.
1052 3202 1343 3266 mamaid
1369 3203 1485 3286 (gl.
1521 3205 1745 3270 nutrix
1757 3230 1777 3281 3
1827 3205 1873 3268 i.
1909 3228 1966 3268 e.
2001 3204 2406 3279 mammetem,
2446 3225 2579 3266 ma-

238 3316 324 3370 ter
359 3306 767 3389 nutritionis)
798 3307 1038 3370 Vocab.
1089 3307 1395 3391 rytychen
1425 3310 1692 3390 (vadum
1719 3310 1936 3386 boum,
1972 3310 2147 3392 angl.
2183 3308 2578 3390 Oxenaford)

236 3412 405 3477 Mab.
446 3420 508 3491 3,
549 3418 701 3475 303.
742 3411 1111 3475 Mamurio
1141 3414 1256 3494 (-—-
1283 3412 1825 3497 Mauricomagus,
1862 3415 2039 3479 locus
2070 3412 2395 3494 Mauricii)
2429 3413 2574 3476 Lib.

238 3515 435 3580 Land.
472 3526 625 3580 197.
678 3516 1194 3582 Praemittuntur
1219 3517 1416 3582 etiam
1443 3517 1845 3583 substantiva
1865 3519 2249 3596 britannica,
2276 3529 2353 3582 ut
2373 3518 2582 3586 hiber·

233 3620 370 3684 nica
407 3625 505 3706 (p.
544 3622 728 3703 820),
763 3621 834 3684 in
867 3620 1348 3704 compositione,
1386 3644 1548 3705 quae
1578 3623 1649 3686 in
1692 3623 1835 3687 aliis
1867 3624 2106 3707 linguis
2136 3623 2397 3690 nonnisi
2426 3633 2581 3688 sunt

234 3726 539 3808 apposita,
577 3748 639 3789 e.
672 3747 769 3809 gr.
804 3725 876 3788 in
904 3725 1265 3789 cambrieis:
1299 3749 1582 3808 pensam·
1612 3729 1814 3809 (faber
1842 3728 2160 3811 princeps,
2196 3727 2573 3812 primarius3

221 3849 423 3910 penu,
474 3834 703 3914 caput)
735 3832 913 3894 Mab.
953 3835 1014 3905 2,
1054 3835 1200 3893 243.
1247 3833 1652 3918 pennkynyd
1687 3836 1977 3914 (venator
2017 3833 2179 3915 dux)
2212 3837 2288 3908 2,
2330 3841 2388 3897 7.
2428 3839 2575 3901 226.

221 3934 757 4020 pennllemhidyd
785 3934 982 4017 (inter
1024 3934 1326 4001 salientes
1369 3937 1688 4021 princeps,
1722 3959 1921 4020 germ.
1958 3937 2478 4022 hauptspringer)
2514 3943 2574 4015 2,

236 4043 377 4104 209.
441 4040 577 4106 His
620 4039 1028 4105 adnumerari
1064 4051 1368 4123 poterunt
1407 4042 1686 4126 plurima
1724 4042 1988 4108 nomina
2016 4043 2374 4108 britannica
2415 4044 2580 4107 loco-

233 4165 392 4222 rum,
429 4146 502 4209 in
532 4144 768 4229 quibus
798 4145 1190 4228 praecedunt
1218 4145 1354 4222 din,
1390 4168 1537 4212 caer
1566 4146 1926 4230 (oppidum,
1957 4147 2232 4230 civitas),
2265 4150 2419 4224 treb,
2451 4149 2594 4231 tres

233 4248 488 4331 (vicus),
540 4249 700 4316 lama
729 4251 933 4330 (area,
980 4250 1271 4332 ecclesia)
1300 4261 1423 4315 etc.
1490 4251 1755 4335 Proprie
1785 4265 2003 4316 tamen
2032 4253 2321 4318 omnium
2350 4253 2580 4321 horum

233 4352 337 4417 vix
365 4365 465 4420 est
493 4353 893 4438 compositi0‚
921 4355 1032 4418 sed
1055 4355 1268 4438 potius
1294 4356 1678 4422 consociatio
1700 4357 1999 4440 primitus
2024 4356 2408 4422 substantivi
2431 4378 2579 4424 cum

235 4459 639 4523 substantivo
665 4460 977 4544 apposito,
1013 4459 1116 4524 vel
1144 4482 1294 4524 cum
1323 4460 1725 4526 substantivo
1754 4461 1823 4526 in
1853 4462 2160 4546 genitivo.
