3150 5242
614 407 728 470 VI.
771 411 830 468 2.
891 425 1335 470 consrauc'rlo
1366 426 1642 470 Possrch
1674 427 2106 471 BRITANNICA.
2401 405 2524 463 947

280 656 283 659 Ἴ
364 578 371 659 Ι
398 579 492 637 Ni
507 600 843 654 quor-cosam
871 576 876 660 Ι
904 579 1299 659 ηωηΙΙιειιηαυι·
1333 576 1351 661 ΙΙ
1390 578 1397 661 Ι
1423 582 1632 638 henoid
1662 578 1668 661 Ι
1696 583 1894 639 mitelu
1917 582 2005 638 m't
2021 574 2317 659 yurlmam·
2350 572 2371 660 ΙΙ
2407 574 2415 658 Ι
2443 579 2527 633 mi

207 680 211 759 Ι
236 684 490 760 amfranc
522 682 657 738 dam
692 678 698 760 Ι
727 684 1019 740 ancalaur.

354 830 475 892 Vel
522 828 806 891 versibus
851 829 1170 912 dispositis
1208 833 1561 893 secundum
1592 830 2022 895 assonant-iam
2053 830 2524 911 praevalentem

200 935 564 998 cambri‘cam
598 935 886 997 finalem:

779 1090 784 1169 Ι
812 1094 906 1153 Ni
928 1115 1265 1169 quor-cosam
1300 1090 1306 1173 Ι
1333 1090 1732 1175 ηωηΙΙιειιηειιιῐ
1771 1091 1780 1097 ’

777 1196 783 1276 Ι
811 1196 1036 1254 henoid.
1080 1194 1086 1274 Ι
1113 1196 1311 1255 mitelu
1341 1197 1433 1253 m't
1453 1194 1751 1277 qurimaur

775 1296 779 1377 Ι
812 1297 895 1354 mi
926 1294 931 1377 Ι
961 1301 1226 1373 amfranc
1257 1299 1389 1354 dam
1425 1296 1430 1375 Ι
1459 1301 1752 1356 ancalaur.
1779 1296 1807 1326 *

637 1427 826 1493 “Non
855 1437 1156 1505 dormiam,
1194 1456 1313 1493 non
1344 1439 1658 1494 dormitum
1688 1439 1796 1495 erit
1825 1459 2055 1496 mecum

642 1542 751 1596 hac
782 1546 972 1606 nocte,
1012 1540 1232 1595 familia
1260 1559 1390 1596 mea
1419 1560 1538 1596 non
1569 1541 1714 1597 adeo
1744 1560 1973 1615 magna,

646 1660 755 1716 ego
779 1648 846 1719 'et
874 1660 1020 1714 puer
1049 1660 1214 1698 meus
1247 1649 1305 1698 et
1334 1641 1496 1699 lebes
1526 1630 1792 1699 noster.³'

313 1862 336 1887 *
371 1861 557 1914 Verba
593 1859 837 1924 coelibiS,
869 1868 933 1913 ut
956 1859 1188 1912 videtur.
1229 1859 1427 1912 Exstat
1451 1861 1628 1914 adhuc
1652 1878 1771 1924 ewa,
1801 1877 2039 1923 somnuS,
2070 1876 2168 1928 pro
2194 1875 2350 1926 (περ,
2381 1858 2527 1909 unde

191 1945 655 2013 cysqu„dormire;
683 1963 995 2014 quorcosam
1021 1965 1145 2001 cum
1170 1948 1435 2018 particula
1458 1947 1728 2001 intensiva
1751 1946 1976 1999 fortasse
2003 1942 2415 2013 significationis
2434 1941 2527 1993 ob-

190 2046 381 2095 scenae,
406 2031 569 2101 cujus
596 2029 873 2102 passivum
898 2030 1170 2086 indicatur
1195 2040 1452 2102 sequente
1478 2033 1841 2085 nemheunaur
1868 2031 2016 2100 (hod.
2040 2031 2250 2093 hunaw,
2273 2029 2525 2098 dormire)
2601 2098 2604 2099 ⁷

188 2115 334 2167 solito
362 2117 541 2168 'modo
583 2114 934 2184 impersonali
972 2133 1095 2168 cum
1131 2117 1511 2170 terminatione
1546 2135 1675 2169 -aur
1711 2115 1883 2169 futuri
1913 2114 2234 2167 secundarii.
2288 2114 2529 2167 Aliunde

187 2198 456 2270 incognita
481 2192 596 2255 vox
622 2201 747 2253 dam
773 2201 865 2254 vix
888 2217 1001 2252 non
1027 2209 1110 2254 est
1133 2201 1319 2254 eadem
1345 2218 1407 2253 ac
1430 2201 1644 2254 hibern.
1674 2202 1794 2253 dam
1826 2201 2053 2271 (etiam).

265 2282 272 2287 ’
311 2286 610 2356 Ejusmodi
634 2285 767 2337 trias
792 2282 1033 2356 ejusdem
1057 2285 1310 2350 ambitu3‚
1341 2286 1553 2355 prolata
1575 2286 1644 2338 ab
1668 2287 1909 2340 Arthure
1934 2285 2193 2339 irridente
2218 2283 2425 2348 Caium,
2455 2283 2530 2336 le-

186 2369 323 2438 gitur
346 2372 515 2424 etiam
541 2371 602 2422 in
629 2370 782 2422 Mab.
812 2373 862 2435 2,
892 2374 1021 2425 237:

936 2495 943 2564 Ι
975 2496 1309 2565 kynnllyuan
1333 2513 1495 2549 aoruc
1525 2502 1533 2563 Ι
1566 2497 1655 2549 kei

936 2580 1162 2651 oluaryf
1175 2581 1332 2633 diuus
1363 2585 1371 2645 Ι
1402 2582 1506 2634 aab
1530 2580 1677 2635 eurei

926 2666 1023 2734 pei
1049 2670 1057 2734 Ι
1089 2666 1207 2718 ιάοΙι
1231 2669 1300 2736 dy
1333 2671 1340 2730 Ι
1372 2669 1583 2736 anyheu
1610 2668 1787 2736 uydei.

935 2788 1185 2843 “Funem
1210 2790 1339 2844 fecit
1364 2791 1524 2844 Caius

941 2893 969 2927 e
994 2875 1161 2927 barba
1186 2875 1407 2928 Dillusii
1432 2876 1529 2928 filii
1553 2877 1760 2945 Eureji,

934 2959 980 3012 si
1005 2960 1184 3012 salvus
1210 2960 1273 3024 is,
1304 2960 1406 3014 tibi
1431 2979 1574 3013 mors
1602 2958 1795 3013 esset.‘'

187 3081 278 3133 Vel
302 3082 356 3134 in
386 3082 544 3135 Mab.
577 3085 629 3144 3,
664 3084 779 3143 199,
809 3081 902 3134 ubi
926 3091 1037 3136 tres
1063 3083 1252 3136 fratres
1279 3083 1463 3136 fideles
1489 3083 1588 3136 filii
1614 3083 1681 3137 G.
1711 3083 2032 3136 laudantur:

841 3205 1071 3257 Trimeih
1093 3206 1416 3274 qiluaethwy
1442 3207 1657 3258 ennwir.

834 3291 1278 3359 tricheuryssedat
1301 3291 1488 3360 kywir.

831 3374 1073 3428 bleidwn.
1108 3377 1116 3445 Ι
1148 3376 1364 3458 laydwn.
1400 3379 1407 3439 Ι
1439 3376 1702 3446 hychdwn
1735 3383 1741 3442 Ι
1774 3377 1875 3428 Izir.

188 3497 320 3551 Item
357 3497 668 3568 tripartitae
694 3497 771 3550 ita
793 3498 1045 3567 strophae
1070 3497 1168 3550 sed
1191 3515 1444 3552 versuum
1469 3498 1792 3568 ampliorum
1816 3504 1872 3552 et
1895 3498 2073 3552 minus
2096 3500 2427 3569 regularium
2453 3501 2526 3553 le-

189 3591 384 3651 guntur
407 3584 468 3636 in
497 3590 733 3653 quatuor
756 3582 887 3635 locis
911 3582 970 3634 in
994 3582 1145 3637 Mab.
1163 3585 1215 3647 3,
1235 3587 1320 3656 96.
1340 3587 1458 3647 213,
1488 3584 1586 3637 ubi
1611 3584 1876 3653 ejusmodi
1901 3584 2139 3653 proferre
2165 3579 2363 3637 dicitur
2388 3602 2527 3636 cam-

190 3666 324 3719 brice
343 3666 526 3720 “canu
564 3664 772 3737 eylyn.''
826 3668 1063 3721 Exstant
1099 3668 1365 3738 ejusmodi
1394 3666 1747 3737 “enylym'off
1777 3669 1862 3722 vel
1891 3669 2339 3739 epigrammatum
2364 3670 2528 3722 series

190 3754 447 3820 quaedam
475 3752 714 3805 celebres
739 3753 880 3805 inter
906 3753 1180 3818 Cambms,
1204 3772 1252 3807 e.
1275 3772 1357 3823 gr.
1385 3754 1676 3823 inscriptae
1696 3752 2047 3823 “Enqunion
2074 3756 2290 3820 beddau,
2315 3756 2526 3825 Enqu-

189 3835 306 3889 aion
339 3857 377 3908 y
417 3834 669 3906 elyweid'
702 3837 973 3907 (strophae
1012 3840 1097 3892 vel
1122 3839 1508 3908 epigrammata
1533 3833 1918 3909 sepulcrorum,
1949 3840 2252 3903 audituum,
2283 3857 2421 3908 quae
2447 3856 2526 3892 se-

189 3922 369 3989 pulcra
404 3923 638 3975 heroum
669 3923 1010 3989 bellatorum,
1038 3925 1127 3977 vel
1159 3942 1509 3994 personarum
1535 3925 1860 3994 sapientium
1886 3925 2115 3989 auditas,
2145 3924 2183 3976 i.
2213 3941 2260 3977 e.
2291 3925 2527 3977 celebres

190 4007 483 4061 sententias
510 4010 799 4079 enarrant),
830 4027 968 4078 quae
993 4010 1318 4079 syllabarum
1353 4027 1657 4074 numerum,
1687 4010 1959 4064 interdum
1985 4010 2366 4074 assonantiam,
2397 4010 2526 4062 item

191 4091 368 4143 stricte
392 4110 510 4144 non
536 4092 839 4157 observant,
871 4112 918 4146 e.
949 4112 1030 4164 gr.
1060 4095 1191 4147 haec
1218 4094 1452 4164 (Myvyr.
1481 4095 1769 4147 Archaeol.
1804 4098 1849 4158 1,
1879 4113 1933 4165 p.
1964 4099 2022 4148 81
2054 4102 2109 4148 et
2133 4113 2187 4164 p.
2220 4097 2373 4165 .174):

356 4215 471 4266 Bet
489 4232 528 4283 y
554 4216 754 4268 March
781 4193 920 4286 bety
953 4218 1207 4285 Guytlmr
1483 4220 1537 4268 Α
1559 4218 1828 4285 quweisti
1846 4235 1880 4270 a
1902 4223 2038 4287 qaut
2066 4218 2366 4271 Credeiliad

356 4301 470 4352 Bet
490 4318 528 4369 y
560 4301 784 4369 Guyavn
808 4303 1068 4371 cletyfrut
1379 4341 1384 4346 -
1499 4302 1670 4356 Veroli
1693 4304 1854 4355 Ludd
1875 4302 2017 4354 riain
2040 4304 2244 4354 wastad

356 4386 572 4437 Anoeth
601 4385 677 4438 bit
702 4387 786 4439 bet
802 4406 840 4456 y
864 4388 1098 4440 Arthur.
1486 4387 1712 4457 Diyaun
1736 4390 1804 4440 da
1824 4387 2003 4457 diwyd
2019 4390 2246 4455 yemwd.

192 4505 429 4561 Possunt
454 4526 584 4576 ergo
612 4510 876 4580 distingui
901 4510 1287 4580 epigrammata
1310 4511 1528 4564 strictae
1554 4519 1610 4562 et
1634 4510 1845 4563 solutae
1870 4518 2190 4576 structurae.

1090 4607 1102 4619 ,
1984 4604 2059 4657 60
2076 4597 2106 4630 ηε
