3150 5242
614 339 740 401 936
1037 341 1160 403 VI.
1197 346 1257 401 2.
1325 359 1772 404 coivsTRucno
1803 334 2082 403 Pomm
2113 358 2505 433 HisERch.

617 473 935 590 Cingulum
958 514 1245 589 serpentis
1269 513 1569 590 cingulum
1590 533 1807 583 meum,
1837 532 2076 597 serpens
2094 510 2419 582 circumest,
2444 531 2516 569 ne
2531 531 2627 569 me
2644 511 2936 570 vulnerent

1139 617 1265 687 viri,
1298 635 1373 674 ne
1399 637 1493 674 me
1522 618 1771 693 perdant
1798 617 2091 685 mulieres,
2131 616 2206 672 ad
2235 614 2435 673 stellas
2463 634 2556 671 me
2588 615 2929 684 sublimavit,

1139 725 1409 794 potenter
1438 719 1768 777 circumest.

616 818 782 875 Illico
825 838 992 876 meus
1032 840 1136 879 rex
1181 821 1355 878 etiam
1400 840 1470 878 ea
1511 820 1760 914 abscidit
1802 839 1939 891 rex;
1988 819 2052 876 in
2095 817 2354 894 profanis
2388 816 2532 875 locis
2564 816 2937 875 suffodiebam

1137 924 1423 979 mundum
1453 941 1671 978 meum.

615 1021 989 1080 Mucholmoc
1030 1045 1125 1083 me
1168 1025 1337 1082 duxit
1375 1025 1449 1081 ad
1491 1023 1948 1094 meditationem,
1982 1024 2058 1081 ad
2102 1022 2437 1093 scientiam3
2480 1021 2617 1091 ideo
2661 1039 2758 1078 me
2786 1022 2939 1080 duxit

1138 1126 1276 1202 quia
1304 1132 1395 1183 est
1423 1127 1657 1184 firmum
1686 1125 1985 1200 cingulum
2012 1110 2277 1181 meum.''

787 1291 958 1356 Sunt
1007 1315 1226 1356 versus
1280 1280 1555 1378 septem,
1607 1293 1812 1377 quivis
1856 1294 2130 1356 duorum
2171 1289 2642 1369 membrorum,
2691 1304 2935 1376 excepto

613 1397 862 1481 quinte,
893 1398 1002 1481 qui
1034 1399 1153 1463 tria
1182 1396 1464 1463 membra
1492 1400 1798 1463 continet.
1848 1400 2173 1462 Numerus
2206 1398 2596 1481 syllabarum
2627 1408 2833 1462 certus
2855 1410 2939 1462 est

613 1504 874 1568 nonnisi
917 1504 988 1567 in
1030 1505 1236 1589 primo
1274 1528 1460 1569 versu
1502 1517 1567 1569 et
1608 1505 1859 1581 ultimo,
1895 1505 1965 1566 in
2006 1504 2238 1589 quibus
2279 1504 2547 1587 quodvis
2595 1506 2938 1567 membrum

613 1621 833 1674 exacte
876 1633 989 1696 per
1030 1611 1364 1675 duodecim
1403 1611 1676 1694 syllabas
1709 1610 2007 1674 decurrit.
2072 1612 2395 1675 Versuum
2426 1610 2938 1674 intermediorum

613 1718 898 1780 membra
928 1728 1144 1781 autem
1174 1717 1423 1780 variant
1450 1739 1717 1779 numero
1744 1716 1911 1779 inter
1940 1726 2081 1779 octo
2112 1727 2177 1779 et
2206 1703 2562 1780 duodecim.

780 1824 1171 1887 Assonantia
1203 1822 1414 1887 finalis
1445 1830 1542 1885 est
1570 1822 2007 1905 monosyllaba
2030 1823 2478 1906 contraposita,
2508 1824 2797 1908 plenain
2818 1847 2937 1887 om-

610 1929 826 2006 m‘buS,
862 1939 1127 2012 excepto
1171 1928 1377 2011 primo
1420 1949 1629 2005 versu,
1665 1928 1778 1990 ubi
1818 1938 1916 1991 est
1957 1927 2221 1991 dimidia
2262 1927 2331 1990 in
2372 1928 2727 1995 imacuciirt
2764 1940 2827 1994 et
2853 1929 2937 1993 in·

612 2034 839 2099 iudith.

674 2176 677 2177 ν
776 2139 1014 2203 Lineas
1045 2139 1471 2203 discernentes
1502 2142 1785 2204 membra
1815 2151 1880 2205 et
1901 2141 2255 2205 indicantes
2278 2143 2720 2206 assonantiam
2742 2143 2937 2207 initia-

608 2247 735 2310 lem
765 2245 971 2323 omisi,
1001 2267 1083 2308 ne
1113 2245 1312 2309 nimia
1341 2246 1758 2331 multitudine
1788 2248 2131 2330 deturpent
2157 2247 2549 2331 poematium
2575 2249 2931 2311 formosum.

610 2353 732 2416 Est
773 2352 947 2416 enim
979 2352 1171 2415 etiam
1198 2351 1434 2414 initiali
1463 2352 1829 2415 assonantia
1859 2375 1975 2415 nec
2003 2374 2137 2415 non
2168 2352 2542 2416 intermedia
2573 2355 2740 2417 bene
2770 2375 2934 2416 orna-

611 2473 770 2521 tum.
835 2458 1114 2521 Initialis
1159 2457 1587 2541 contraposita
1628 2458 1875 2520 obtinet
1916 2458 1986 2520 in
2031 2459 2309 2523 secundo
2338 2480 2526 2521 versu
2555 2458 2631 2521 in
2671 2458 2687 2545 1
2722 2458 2851 2523 lain
2878 2468 2934 2520 et

612 2563 621 2650 fl
658 2562 910 2641 lurech,
963 2564 1320 2627 consociata
1364 2562 1434 2626 in
1490 2563 1905 2647 sequentibus
1947 2563 2017 2626 in
2055 2569 2065 2647 1
2106 2562 2488 2650 banmlbeth,
2532 2567 2543 2645 Ι
2565 2566 2776 2650 ferya
2791 2564 2926 2650 lfer,

606 2670 996 2756 naralmillet
1032 2675 1042 2751 Ι
1081 2661 1267 2746 muci,
1327 2669 1598 2754 roflmdra
1644 2669 1935 2754 folmdir.
2033 2670 2289 2755 Primus
2342 2647 2559 2733 autem
2615 2693 2828 2735 versus
2877 2681 2932 2732 et

606 2775 735 2837 duo
777 2774 992 2838 ultimi
1036 2797 1416 2858 quacunque
1460 2776 1825 2838 assonantia
1867 2775 1995 2840 fere
2038 2774 2363 2838 cumulata
2402 2775 2654 2852 nitent3
2705 2775 2929 2859 primus

603 2881 835 2944 ludens
873 2880 1154 2963 liquidis,
1189 2890 1482 2962 repetens
1512 2900 1575 2942 m
1607 2901 1756 2942 cum
1784 2881 2106 2960 vocalibus
2138 2880 2531 2943 variantibus
2563 2881 2636 2943 in
2666 2881 2847 2946 initio
2875 2890 2931 2941 et

604 2985 815 3047 medio
845 2984 915 3045 in
944 2984 1204 3048 vocibus
1233 2984 1699 3067 dumimdeqail
1719 2985 1725 3069 Ι
1753 2985 1949 3048 imum
1978 2987 1984 3070 Ι
2012 2985 2374 3061 imacuciirt,
2405 2986 2923 3059 naramtairthea,

604 3088 934 3166 timo-ollas,
964 3103 1028 3152 et
1058 3089 1451 3172 subjungens
1482 3089 1914 3152 assonantiam
1936 3090 2214 3173 liquidae
2237 3114 2278 3154 n
2303 3089 2372 3152 in
2382 3090 2682 3174 finna'in,
2712 3091 2922 3164 innse't,

603 3193 904 3258 intudith.
970 3195 1378 3258 Penultimus
1422 3216 1642 3257 versus
1672 3206 1919 3278 praeter
1948 3207 2170 3278 quater
2199 3195 2615 3279 incipientem
2627 3198 2720 3280 fo
2751 3196 2924 3259 etiam

602 3285 916 3372 initialem
957 3299 1389 3365 assonantiam
1433 3322 1856 3386 consonarum
1898 3301 1933 3362 b
1973 3311 2039 3363 et
2077 3322 2116 3364 r
2155 3302 2575 3365 alternantem
2617 3325 2752 3366 una
2794 3321 2922 3364 cum

601 3590 788 3643 Moch.
815 3590 959 3644 Boll.
988 3594 1152 3646 Mart.
1183 3598 1233 3658 2,
1255 3597 1374 3658 282,
1406 3611 1644 3665 compos.
1672 3596 2096 3648 mo-choem-moc
2123 3595 2286 3665 (τηειρ,
2316 3613 2441 3665 gen.
2468 3613 2641 3665 moqa,
2673 3594 2843 3666 puer),·
2868 3601 2919 3643 ut

600 3675 821 3728 nomina
833 3677 1171 3743 M'oclmmbe,
1193 3679 1434 3747 M'qfecta
1458 3681 1515 3732 in
1541 3681 1729 3733 eadem
1747 3681 1873 3733 Vita
1896 3698 1950 3750 p.
1966 3683 2085 3733 287.
2132 3682 2416 3734 Colmanus
2434 3681 2568 3733 ibid.
2587 3698 2642 3751 p.
2665 3684 2767 3734 286
2790 3678 2916 3731 vide·

598 3768 690 3813 tur
714 3759 858 3816 idem
883 3762 1030 3832 quod
1048 3764 1405 3816 Columbanus
1425 3764 1513 3834 (cf.
1533 3768 1721 3831 colum,
1743 3783 1797 3835 p.
1821 3766 1941 3835 752)
1961 3787 1974 3829 ;
1998 3773 2082 3817 est
2095 3771 2276 3818 tamen
2292 3765 2454 3818 etiam
2468 3766 2577 3835 adj.
2597 3765 2703 3817 odie
2716 3762 2912 3834 (tenuis,

598 3863 806 3910 macer3
837 3864 893 3917 p.
917 3849 1030 3917 41),
1061 3849 1207 3918 quod
1242 3850 1472 3919 supponi
1509 3850 1683 3919 possit
1722 3850 1929 3904 nomini
1951 3850 2307 3903 Macholmoc.
2336 3851 2755 3914 rumellum-star,
2784 3843 2916 3902 vetuss

597 3932 733 3985 stius
770 3933 1202 3998 romchuirestar,
1231 3941 1402 4002 praet.
1432 3934 1581 3987 verbi
1617 3935 1839 4000 cuirz'ur,
1869 3953 1899 3989 e
1936 3953 2045 4005 quo
2085 3952 2260 4004 comp.
2290 3934 2562 3987 docuiriur
2589 3934 2685 4005 (gl.
2715 3934 2910 3994 ascisco,

594 4034 650 4086 p.
669 4018 812 4086 844),
841 4017 1194 4083 doeut'rethar,
1222 4018 1681 4071 dorochuirsemar
1707 4019 1994 4089 (adsciscit,
2016 4019 2359 4085 adscivimus,
2380 4038 2437 4090 p.
2453 4023 2574 4071 445.
2597 4021 2741 4089 448).
2780 4017 2914 4071 Com·

594 4102 892 4171 parandum
927 4108 1010 4157 est
1045 4102 1184 4172 gael.
1227 4104 1400 4156 subst.
1429 4122 1539 4168 car,
1583 4122 1708 4174 gen.
1750 4105 1883 4169 cuir,
1923 4104 2220 4168 conversi0‚
2261 4104 2407 4156 unde
2446 4103 2662 4157 denom.
2702 4100 2910 4162 caraich,

595 4196 829 4253 vertere,
869 4205 1103 4241 movere.
1133 4189 1337 4256 se'qad,
1377 4189 1533 4250 visio.
1578 4190 1748 4254 αἰναί,
1790 4197 1898 4243 vet.
1938 4190 2063 4255 uiri,
2101 4189 2244 4243 ideo.
2293 4189 2430 4252 tend,
2467 4189 2599 4243 hod.
2638 4190 2751 4243 hib.
2788 4184 2910 4258 gael-

599 4279 772 4338 teann‚
802 4273 1004 4337 firmus,
1034 4280 1229 4336 arctuS‚
1259 4279 1466 4328 mutare
1502 4274 1558 4326 in
1597 4274 1721 4338 and,
1752 4273 1846 4338 ibi,
1876 4275 1933 4327 in
1970 4292 2033 4327 ea
2058 4274 2136 4344 (in
2172 4274 2524 4327 meditatione
2559 4280 2616 4327 et
2650 4270 2908 4344 sapientia,

595 4364 678 4410 est
702 4358 980 4427 cingulum
1005 4359 1204 4427 meum)
1232 4375 1342 4411 non
1367 4359 1560 4422 auden,
1581 4358 1710 4429 quia
1734 4358 1876 4412 clara
1900 4366 1983 4412 est
2007 4358 2100 4412 illa
2121 4358 2342 4428 scriptio
2362 4359 2419 4412 in
2439 4359 2765 4430 apographo,
2783 4352 2911 4408 haud

596 4442 761 4496 dubie
787 4442 949 4496 etiam
974 4443 1031 4499 in
1059 4443 1261 4495 codice.
2443 4435 2456 4442 ’
