3150 5242
726 413 843 475 IV.
886 417 945 473 2.
1004 431 1569 476 PRAEPosrr-mnsss
1608 432 2121 475 nnerNN1cAE.-
2454 413 2578 473 653

223 585 437 647 leanes
469 582 706 645 keruez
734 581 850 645 hoz
874 582 1085 645 leasen
1110 581 1641 664 (sanctimonialis
1665 585 2016 646 secundum
2039 583 2248 665 legem
2271 586 2574 661 vestram)

202 696 333 765 ·20,
380 697 480 752 13.

403 796 665 858 Cambr.
717 797 1076 872 NAMYN,
1113 820 1341 860 armor.
1377 799 1695 860 NEMET
1729 801 1929 877 (corn.
1967 798 2245 861 neman?
2288 819 2355 880 p.
2395 802 2571 877 575),

223 902 298 963 in
343 900 553 964 forma
593 905 984 966 concordans
1027 926 1175 965 eum
1215 905 1469 966 adverb.
1518 903 1766 965 hibern.
1810 915 1937 966 vet.
1972 905 2230 967 nammci
2261 905 2353 983 (p.
2394 904 2569 980 569),

222 1007 506 1069 occurrit
551 1006 747 1069 etiam
788 1020 862 1070 ut
905 1009 1310 1092 praepositiO,
1349 1010 1720 1091 significans
1758 1010 1924 1072 idem
1956 1011 2124 1091 quod
2154 1008 2405 1070 hibern.
2443 1019 2568 1068 vet.

221 1112 568 1188 cenmitlzd,
607 1117 825 1176 cenmci
857 1117 1172 1199 (exceptO,
1209 1138 1273 1199 p.
1315 1120 1489 1196 614).

400 1218 741 1282 Cambrica
792 1222 1116 1304 exempla:
1175 1243 1260 1305 ny
1317 1222 1453 1284 dele
1497 1223 1580 1306 eff
1612 1222 1746 1285 talu
1793 1222 2030 1306 ebedyu
2078 1242 2309 1284 namen
2353 1220 2572 1283 kunnu

222 1330 388 1407 (non
426 1336 682 1407 oportet
711 1347 858 1388 eum
889 1327 1129 1389 solvere
1159 1327 1261 1388 eb.
1297 1338 1562 1410 excepto
1592 1327 1743 1409 hoc)
1776 1328 1933 1408 Leg.
1977 1334 2033 1388 1.
2073 1334 2133 1388 5.
2174 1334 2235 1387 5.
2285 1325 2473 1389 athal
2497 1349 2573 1387 eu

226 1432 450 1494 dadin
493 1430 826 1513 apkemzeu
866 1455 943 1495 eu
986 1434 1273 1518 dwyyoes
1319 1454 1400 1517 yr
1441 1433 1681 1496 meirclz
1720 1456 1808 1517 yn
1825 1434 2072 1514 parda.
2108 1453 2187 1493 ar
2217 1431 2454 1494 meirclz
2483 1455 2569 1515 yn

215 1538 539 1621 yanwelw
573 1538 664 1600 oll
698 1560 937 1623 namyn
977 1539 1196 1624 hynny
1229 1539 1467 1622 (apices
1509 1561 1795 1621 genuum
1826 1549 1890 1601 e‘t
1918 1538 2231 1601 femorum
2261 1560 2569 1619 equorum

220 1666 400 1705 mere
435 1643 629 1726 nigri,
665 1655 729 1705 et
759 1644 907 1726 equi
937 1644 1117 1706 lividi
1147 1645 1266 1706 toti
1294 1655 1556 1727 excepto
1590 1646 1737 1726 hoc)
1770 1645 1947 1707 Mab.
1987 1650 2047 1719 2,
2089 1650 2234 1705 380.

399 1748 840 1812 Armorieum:
892 1772 967 1812 en
1010 1750 1110 1813 bet
1136 1772 1214 1812 ne
1244 1751 1408 1812 deux
1435 1759 1585 1832 quet
1609 1759 1813 1812 nemet
1828 1772 2006 1831 poan
2039 1750 2135 1830 (in
2165 1749 2408 1811 mundo
2439 1771 2570 1810 non

220 1865 324 1917 est
360 1854 609 1936 aliquid
639 1865 904 1937 excepto
934 1856 1169 1930 dolore,
1203 1855 1298 1917 nil
1329 1866 1426 1917 est
1455 1855 1582 1918 nisi
1612 1857 1815 1937 dolor)
1849 1852 2020 1917 Buh.
2063 1862 2163 1932 16,
2208 1862 2307 1917 16.

399 1961 591 2022 Addo
641 1960 743 2023 his
787 1960 1106 2023 cornicam
1151 1970 1216 2023 et
1260 1960 1633 2023 armoricam
1676 1962 2211 2046 praepositionem
2255 1962 2563 2037 INTRE,

220 2067 539 2129 ENTRE
564 2066 809 2148 (inter),
840 2077 904 2128 et
933 2066 1052 2129 soli
1082 2065 1422 2128 armoricae
1453 2066 1725 2128 dialecto
1749 2066 2234 2130 convenientem
2258 2067 2562 2130 EGUIT.

403 2173 599 2236 Corn.
637 2173 942 2248 INTRE,
979 2173 1328 2235 YNTRE:
1376 2181 1561 2259 yntre
1603 2173 1768 2258 myll
1805 2173 1972 2234 darn
2005 2171 2102 2253 (in
2133 2173 2309 2235 mille
2338 2173 2562 2247 frusta,

221 2277 471 2360 frangi)
512 2279 691 2340 Pass.
737 2285 879 2353 166,
919 2284 978 2340 3.
1025 2287 1212 2362 yntre
1255 2300 1341 2340 an
1381 2278 1690 2340 Ethemon
1735 2277 1930 2359 (inter
1975 2280 2281 2360 Judaeos)
2319 2285 2462 2369 181,
2503 2283 2562 2339 2.

401 2384 444 2445 J
447 2394 645 2445 uncta
696 2384 1179 2466 pronominibus
1233 2383 1519 2447 suffixis:
1580 2407 1665 2447 an
1718 2383 2004 2467 detkyow
2049 2384 2196 2446 athe
2231 2383 2567 2468 yntrethon

108 2522 111 2525 >
226 2489 393 2570 (dies
441 2499 594 2551 sunt
635 2488 803 2551 inter
843 2495 987 2572 nos)
1020 2492 1098 2553 P.
1144 2496 1286 2565 169,
1325 2494 1386 2552 2.
1436 2489 1708 2552 intrethe
1744 2489 2005 2573 qarlont
2044 2511 2233 2570 spem
2279 2496 2421 2551 abe
2454 2491 2565 2573 dy·

230 2595 488 2680 thyytys
521 2595 718 2678 (inter
756 2617 860 2659 eos
906 2617 1140 2660 corona
1167 2595 1496 2679 spinarum
1528 2605 1626 2658 est
1654 2596 1848 2677 sacta)
1887 2599 2029 2670 133,
2072 2600 2129 2656 1.
2174 2608 2333 2679 y‘an
2363 2594 2566 2657 keme-

225 2723 328 2763 res
362 2700 490 2784 hay
523 2723 608 2763 an
638 2724 855 2787 sensys
884 2703 1174 2788 yntretlze
1199 2702 1350 2783 (ipsi
1381 2724 1529 2764 eum
1552 2711 1860 2784 ceperunt
1883 2711 1948 2763 et
1970 2700 2373 2763 retinuerunt
2397 2700 2564 2762 inter

225 2810 323 2887 se)
361 2814 464 2882 70,
507 2813 564 2868 1.
600 2808 683 2891 ef
700 2830 741 2870 a
767 2830 966 2871 ranas
994 2809 1292 2892 yntretha
1323 2807 1568 2888 (divisit
1597 2808 1765 2869 inter
1794 2828 1922 2883 eos,
1958 2806 2209 2887 vinum)
2245 2813 2347 2882 45,
2391 2813 2447 2866 1.

400 2914 653 2975 Armor.
692 2914 1030 2978 ENTRE:
1080 2923 1256 2976 entre
1299 2936 1384 2976 an
1429 2935 1553 2975 nou
1596 2934 1738 2974 men
1783 2912 1931 2974 bras
1969 2934 2303 2995 quezcomp
2346 2934 2431 2996 ny
2467 2920 2568 2974 tra

168 3043 179 3049 ·
227 3018 429 3098 (inter
468 3019 628 3081 duos
670 3019 786 3081 hos
828 3019 1071 3101 lapides
1112 3039 1378 3101 magnos
1421 3038 1798 3099 quaeramus
1829 3018 2068 3099 locum)
2103 3018 2274 3080 Buh.
2319 3023 2461 3093 148,
2506 3024 2563 3078 1.

225 3132 404 3186 entre
434 3145 505 3185 re
533 3133 669 3188 mat
695 3125 782 3186 da
812 3124 1072 3208 ebataff
1086 3124 1281 3206 (inter
1308 3125 1508 3185 bonos
1538 3122 1832 3184 homines
1861 3134 1937 3186 ut
1967 3123 2379 3205 converseris)
2418 3130 2562 3198 104,

233 3236 335 3291 12.
402 3230 571 3292 Cum
617 3229 918 3294 articulo:
970 3239 1188 3293 entren
1216 3229 1518 3311 preladet
1552 3237 1735 3291 sanct
1762 3251 1877 3290 voa
1905 3228 2133 3291 heman
2166 3229 2362 3310 (inter
2389 3250 2567 3310 prae-

225 3336 391 3397 latos
440 3345 698 3398 sanctus
749 3346 883 3398 erat
924 3334 1056 3417 hic)
1090 3342 1237 3412 208,
1281 3342 1379 3397 19.
1430 3336 1620 3397 laetet
1663 3343 1835 3397 elren
1882 3333 2053 3396 hedis
2085 3333 2369 3415 (infamis
2402 3334 2569 3395 inter

226 3440 616 3503 habitatores
644 3440 899 3520 mundi)
939 3447 1080 3516 160,
1122 3448 1221 3502 11.

400 3548 569 3609 Cum
635 3545 1120 3630 pronominibus
1187 3544 1467 3608 suffixis:
1540 3567 1622 3609 vn
1673 3546 1853 3609 arall
1898 3545 2231 3629 choasomp
2283 3556 2565 3629 eutromp

226 3651 455 3734 (alium
498 3650 809 3734 eligamus
840 3652 1009 3714 inter
1036 3653 1180 3732 nos)
1214 3651 1385 3713 Buh.
1429 3656 1570 3727 182,
1616 3658 1714 3714 16.
1768 3652 2025 3715 bremam
2049 3653 2420 3734 joeuseomp
2463 3675 2567 3715 en-

226 3766 434 3838 tromp
470 3757 630 3841 qlan
675 3760 890 3838 (nune
931 3756 1302 3820 recreemini
1344 3755 1512 3818 inter
1553 3778 1671 3819 nos
1715 3758 1914 3840 bene)
1956 3764 2070 3820 188
2089 3806 2108 3834 ,
2149 3764 2252 3820 20.
2310 3758 2568 3821 eutrock

209 3862 427 3944 peuch
457 3872 595 3926 mat
621 3885 690 3925 eo
720 3886 762 3926 a
786 3863 1055 3947 qrataff
1070 3863 1267 3944 (inter
1297 3883 1406 3925 vos
1435 3883 1661 3944 pacem
1690 3864 1924 3925 bonam
1955 3867 2133 3946 opto)
2168 3870 2316 3939 202,
2358 3870 2457 3925 12.

398 3970 654 4032 Armor.
683 3969 1000 4032 EGUIT:
1037 3991 1181 4032 maz
1211 3967 1322 4051 off
1336 3969 1630 4050 duetpep
1665 3976 1732 4031 tu
1761 3990 1795 4030 e
1825 3968 2019 4031 bechez
2049 3970 2221 4052 equit
2247 3971 2466 4054 anfez
2491 3969 2569 4033 he

223 4075 538 4139 neuezhat
581 4073 758 4156 (veni
803 4084 970 4136 certe
1011 4073 1084 4136 in
1125 4073 1323 4136 vitam
1363 4083 1623 4156 propter
1663 4075 1857 4136 fidem
1900 4077 2355 4157 renovandam)
2388 4074 2561 4136 Buh.

230 4188 334 4256 14,
374 4187 435 4244 2.·
473 4181 599 4245 mir
628 4204 716 4245 na
741 4202 909 4264 qruy
941 4182 1027 4242 da
1059 4178 1427 4242 damnation
1459 4178 1631 4262 equit
1658 4181 1890 4243 madou
1921 4180 2020 4244 bet
2050 4183 2228 4262 (cave
2257 4201 2340 4242 ne
2371 4178 2564 4240 facias

218 4287 707 4350 damnationem
738 4297 915 4349 tuam
943 4298 1199 4370 propter
1228 4287 1397 4347 bona
1424 4284 1680 4366 mundi)
1719 4292 1861 4362 166,
1894 4291 1954 4346 8.
1990 4285 2121 4348 enit
2152 4287 2324 4348 loezn
2358 4285 2442 4344 du
2472 4303 2568 4343 me

220 4417 292 4457 so
339 4394 522 4456 cruel
560 4392 836 4474 (ratione
880 4392 1227 4455 bestiarum
1270 4391 1598 4473 nigrarum
1646 4411 1789 4453 sum
1834 4390 2135 4470 crudelis)
2171 4395 2248 4450 32
2269 4437 2287 4464 ,
2326 4396 2398 4447 4.
2440 4386 2570 4448 enit

212 4501 447 4581 quelet,
487 4498 622 4562 em't
665 4498 909 4580 quolen,
948 4497 1078 4561 em't
1113 4499 1235 4573 len,
1273 4497 1405 4561 enit
1416 4519 1649 4579 prezec
1681 4497 1788 4575 (ad
1822 4496 2189 4568 videndum,
2226 4490 2567 4553 instituen-
