3150 5242
560 356 684 418 878
1132 358 1214 420 V.
1256 363 1315 419 2.
1397 377 1854 420 nsscoMPosffA
1886 375 2318 421 BRITANNICA.

724 528 873 591 AR.
937 527 1240 591 co-AR:
1279 526 1633 613 kyfarwyd
1658 528 1843 607 (dux,
1879 526 2247 608 historicus)
2281 527 2460 590 Mab.
2501 532 2565 604 2,
2601 535 2707 590 47.
2750 532 2896 590 214.

563 639 706 695 392.
757 633 1185 718 kauarwydyt
1224 633 1543 715 (historia)
1581 640 1641 710 3,
1680 638 1825 696 297.
1868 634 2187 719 kyuaruot
2217 634 2604 715 (convenire,
2637 656 2704 717 p.
2749 642 2899 697 545.

561 743 736 821 546).
802 740 1117 816 Do-AR,
1166 741 1356 803 DAR
1403 742 1516 823 (--—
1545 739 1793 804 hibern.
1831 751 1958 827 vet.
1997 740 2259 816 do-air-,
2300 739 2518 822 mir->z
2571 741 2905 804 darmerth

558 845 980 930 (praeparatio
1020 845 1346 922 alimenti,
1394 848 1812 929 commeatus)
1847 847 2022 909 Mab.
2066 852 2124 923 3,
2165 850 2310 908 299.
2360 848 2650 929 darparu
2694 850 2906 929 (prae-

556 954 804 1035 parare)
855 959 926 1028 1,
965 957 1067 1014 25.
1142 953 1502 1036 darestwny
1547 951 1931 1035 (projicere,
1977 951 2351 1035 devincere)
2390 961 2461 1030 1,
2503 959 2608 1015 37.
2669 954 2910 1016 darnot

556 1057 779 1141 (finiri,
815 1081 881 1142 p.
922 1062 1097 1141 546).
1163 1059 1531 1141 Separanda
1575 1069 1673 1121 est
1712 1058 1985 1122 formula
2022 1059 2240 1136 DYR,
2278 1065 2416 1123 orta
2454 1082 2489 1123 e
2520 1061 2753 1136 do-er-,
2792 1060 2906 1143 dy-

557 1186 676 1241 er-,
713 1167 791 1228 de
822 1186 950 1248 qua
969 1164 1108 1248 jam
1139 1186 1331 1250 supra
1359 1163 1604 1227 dictum
1634 1174 1731 1228 est
1763 1166 1854 1246 (p.
1896 1167 2071 1244 867).

730 1272 869 1333 AT.
921 1271 1216 1346 Do-AT,
1248 1270 1430 1332 DAT
1463 1270 1742 1351 (hibern.
1769 1280 1897 1332 vet.
1928 1270 2226 1347 clo-aith„
2257 1269 2511 1353 with->z
2551 1269 2906 1334 datrithaw

557 1378 944 1459 (reformare,
979 1386 1318 1449 remutare,
1355 1375 1400 1437 i.
1436 1398 1492 1439 e.
1528 1375 1600 1438 in
1643 1375 1909 1440 formam
1947 1376 2283 1459 pristinam
2322 1376 2683 1458 restituere)
2719 1377 2895 1438 Mab.

560 1490 620 1562 2,
661 1488 806 1546 235.
849 1490 908 1559 3,
949 1489 1093 1545 161.
1159 1481 1448 1546 ᾱαίΙεαηα
1492 1482 1835 1563 (recitare,
1891 1483 2212 1565 revelare)
2262 1489 2322 1559 1,
2362 1489 2466 1545 35.
2505 1487 2565 1560 2,
2609 1488 2717 1551 19.
2752 1488 2903 1544 391.

558 1590 828 1666 DI-AT,
859 1589 1054 1651 DIT:
1093 1588 1435 1652 didanuud
1464 1589 1582 1671 (gl.
1611 1588 1821 1670 elicio)
1845 1589 1936 1672 gl.
1967 1589 2179 1652 Oxon.
2236 1589 2364 1651 Sed
2395 1588 2624 1651 transit
2653 1588 2726 1651 in
2756 1611 2902 1652 ean-

557 1698 704 1758 dem
732 1695 999 1758 formam
1029 1694 1182 1757 haec·
1214 1716 1361 1757 cum
1403 1695 1845 1776 praecedente,
1880 1705 1955 1757 ut
1988 1694 2059 1756 in
2088 1693 2397 1758 hodierna
2425 1694 2671 1778 lingua,
2711 1694 2910 1757 etiam

557 1802 625 1866 in
657 1803 815 1885 Leg.
851 1806 912 1863 2.
947 1808 1004 1862 1.
1045 1806 1116 1862 31
1145 1822 1157 1860 :
1197 1801 1620 1864 dadanhuder
1651 1800 2017 1883 (detegitur,
2052 1801 2395 1883 revelatur)
2429 1811 2492 1864 et
2521 1801 2591 1863 in
2623 1801 2805 1865 Mab.
2846 1807 2904 1875 1,

561 1913 680 1969 238
704 1930 717 1970 :
773 1907 1130 1991 datlewyyu
1163 1909 1270 1988 (ex
1300 1906 1499 1970 animi
1529 1907 1810 1991 deliquio
1840 1907 2125 1983 restitui3
2175 1928 2289 1991 pro
2321 1906 2513 1971 di-at-
2544 1929 2693 1970 cum
2725 1907 2902 1969 verb.

559 2015 823 2098 lequu,
859 2012 1069 2095 linqui
1099 2012 1364 2096 animo).
1417 2013 1752 2077 Hodierna
1780 2013 2127 2097 ejusmodi:
2164 2013 2492 2078 dadblanu
2516 2013 2906 2096 (transplan-
2939 2024 2946 2029 ’

557 2131 713 2195 tare,
748 2120 1037 2203 plantam
1082 2140 1117 2180 e
1146 2119 1284 2181 loco
1315 2140 1431 2182 suo
1462 2119 1532 2181 in
1562 2119 1762 2183 alium
1792 2122 2150 2204 plantare),
2190 2119 2646 2204 dadyarckaru
2679 2122 2744 2200 (e
2775 2140 2907 2182 car-

558 2247 694 2288 cere
725 2226 1040 2306 liberare).
1378 2235 1384 2241 “

731 2333 824 2395 Ut
853 2340 937 2394 et·
968 2353 1082 2414 pro
1114 2341 1207 2396 at·
1239 2331 1511 2395 occurrit
1542 2331 1738 2395 etiam
1766 2331 2039 2395 formula
2062 2331 2375 2394 cambrica
2398 2331 2612 2394 DET:
2651 2332 2914 2415 detwyd

561 2441 674 2522 (==
705 2439 1018 2514 do-at-w.,
1057 2437 1336 2522 sapiens)
1370 2439 1548 2502 Mab.
1592 2445 1652 2515 3,
1692 2443 1837 2500 299.

730 2543 1077 2608 Cornicum
1119 2545 1483 2629 exemplum
1523 2544 1832 2607 formulae
1872 2545 2105 2606 cambr.
2153 2544 2289 2607 dat·
2321 2542 2573 2605 videtur
2613 2542 2686 2604 in
2717 2543 2903 2605 Pass.

566 2659 631 2713 11,
649 2659 707 2729 5,
745 2658 817 2713 4:
869 2651 951 2736 ef
983 2674 1023 2714 a
1068 2651 1327 2738 dalvyth
1373 2651 1516 2737 thys
1562 2652 1715 2735 (leg.
1770 2653 1965 2727 datv„
2012 2652 2189 2713 dasv.
2215 2651 2250 2711 ,P
2290 2649 2427 2733 ipse
2468 2651 2691 2713 reddet
2732 2650 2902 2732 tibi).

560 2757 962 2821 Armoricum
1002 2768 1330 2821 vetustum
1371 2758 1497 2841 adj.
1538 2757 1776 2822 detwid
1815 2756 2074 2820 obvium
2121 2756 2191 2818 in
2224 2755 2595 2819 nominibus
2626 2755 2911 2819 virorum

560 2862 926 2947 compositis
966 2863 1040 2936 *in
1070 2863 1271 2926 chart.
1309 2863 1649 2927 Rhedon.:
1695 2861 2110 2926 Detwidkael
2140 2867 2200 2937 1,
2242 2867 2342 2923 19.
2391 2861 2819 2926 Haeldetwid
2850 2869 2905 2938 1,

567 2978 667 3032 14.
708 2976 767 3047 2,
813 2978 912 3031 17.
949 2969 1364 3033 Jarndetwid
1398 2977 1453 3046 1,
1494 2976 1597 3031 41.
1664 2968 2047 3031 Recentiora
2076 2989 2110 3030 e
2143 2967 2357 3029 Buh.:
2397 2967 2760 3052 datcaffbut
2790 2970 2909 3051 (re-

421 3132 427 3139 .
558 3078 793 3158 levare)
830 3081 930 3151 78,
971 3080 1074 3136 26.
1124 3074 1452 3151 dascorch,
1506 3075 1888 3138 dascorchas
1920 3072 2284 3155 (resuscita,
2335 3072 2767 3155 resuscitavit)
2809 3079 2905 3150 12,

564 3189 667 3244 25.
714 3186 854 3258 128,
894 3187 997 3243 20.
1049 3179 1327 3266 ἅίκνεξβ
1343 3183 1602 3264 (vertor,
1643 3179 1987 3261 revertor3)
2026 3184 2171 3255 102,
2210 3185 2312 3241 20.
2379 3179 2718 3256 Hodierna
2764 3180 2910 3244 scri·

348 3297 351 3300 ’
460 3326 466 3332 ,
560 3287 697 3372 ptio
729 3289 898 3360 das·,
935 3289 1108 3350 daz-.

733 3395 871 3458 CO.
935 3394 1254 3457 AM-CO:
1321 3392 1672 3479 amqyffret
1720 3413 1858 3455 mor
1910 3394 2109 3474 (mare
2162 3391 2574 3473 circumfluit)
2624 3393 2808 3455 Mab.
2849 3396 2904 3467 2,

565 3506 711 3563 204.
745 3498 1214 3585 ymyyweiraw,
1242 3498 1732 3584 ymyyweiryaw
1761 3501 2010 3581 (parare
2042 3501 2135 3580 se)
2162 3500 2337 3562 Mab.
2368 3499 2455 3582 fq.
2490 3498 2905 3584 ymkanlyno‚

560 3607 1177 3691 quanlynnassant
1199 3604 1758 3685 (consuetudinem
1782 3601 2097 3680 liabuerit,
2127 3605 2493 3669 societatem
2514 3604 2906 3680 habuerunt,

564 3735 696 3775 una
746 3712 1028 3794 iverunt)
1076 3712 1253 3773 Mab.
1296 3718 1322 3772 1
1349 3760 1369 3788 ,
1409 3718 1555 3775 235.
1596 3717 1741 3791 285.
1818 3710 2150 3778 AR-CO:
2210 3712 2553 3796 aryywedu
2603 3710 2908 3791 (vincere)

566 3820 741 3896 Mab.
780 3826 835 3895 1,
869 3819 1015 3879 265.
1052 3818 1360 3901 aryansot
1380 3816 1933 3898 (animadvertere,
1961 3838 2027 3899 p.
2062 3822 2208 3879 545.
2235 3820 2411 3899 546).
2463 3816 2902 3880 GUOR-CO:

559 3924 1128 4009 yorckymynnwys
1161 3900 1418 4006 (jussit)
1449 3924 1630 3986 Mab.
1672 3930 1733 4000 3,
1769 3928 1918 3986 297.
1983 3923 2150 3986 Item
2182 3944 2357 3986 corn.
2399 3921 2746 4006 qurhemin
2762 3969 2784 3998 ,
2821 3944 2909 3984 ar-

564 4052 724 4093 mor.
754 4029 1174 4113 qourchemen
1197 4028 1334 4112 jam
1361 4041 1711 4093 memorata
1741 4033 1833 4113 (p.
1874 4032 2050 4111 868).

737 4136 950 4200 GUO.
1013 4136 1436 4213 AM-GUO,
1486 4137 1685 4200 ΑΜΟ
1740 4135 2017 4218 (hibern.
2073 4145 2201 4198 vet.
2253 4134 2572 4218 imm-fo-,
2622 4132 2902 4215 immo-):

563 4242 952 4327 Amyuoloyt
1002 4245 1203 4324 (nom.
1260 4264 1472 4325 propr.
1532 4242 1687 4318 viri3
1753 4241 1879 4326 adj.
1937 4243 2104 4326 loyt,
2163 4240 2312 4304 hod.
2373 4240 2605 4324 llwyd,
2664 4239 2906 4319 fuscus)

566 4350 807 4414 Chron.
859 4348 1095 4410 cambr.
1148 4345 1218 4410 in
1261 4349 1459 4432 praef.
1508 4347 1662 4411 edit.
1701 4350 1857 4432 Leg.
1907 4347 2170 4432 amofyn
2216 4348 2569 4429 (quaerere)
2603 4346 2787 4408 Mab.
2822 4345 2902 4427 fq.

564 4455 779 4518 Hodie
803 4454 995 4518 etiam
1018 4435 1285 4540 ymofyn
1312 4455 1709 4538 (inquirere),
1730 4455 2141 4539 ymoywyddo
2166 4453 2438 4535 (labare;
2469 4453 2763 4537 ewyddo)
2788 4462 2901 4513 etc.
