3150 5242
622 357 782 417 1016
873 376 1243 420 APPEme.
1312 377 1646 419 sencimssx
1676 364 1933 418 'coniers
1970 375 2334 418 menarum
2371 375 2705 419 muscum
2739 378 2829 419 so.

614 550 747 604 cur,
785 552 822 590 a
853 536 1179 609 sequente,
1217 526 1371 588 haec
1404 526 1593 589 scribi
1622 527 1867 588 debeat.
1920 526 2240 609 Carthago
2270 526 2444 589 enim
2475 537 2535 588 et
2564 538 2771 609 caput,
2805 526 2919 589 sive

567 624 574 629 ’
616 656 727 718 per
770 657 801 696 c
849 634 979 696 sive
1009 655 1120 716 per
1149 633 1194 694 k
1226 632 1608 707 scribantur,
1644 632 1890 694 nullam
1921 632 2165 694 faciunt
2193 655 2311 695 nec
2341 632 2410 694 in
2441 631 2629 695 sono¹
2675 629 2824 695 nec²
2863 633 2923 694 in

613 751 925 825 potestate
955 738 1240 822 ejusdem
1270 734 1718 801 consonantis3
1749 739 2190 803 differentiam.
2244 742 2305 807 Q
2338 761 2484 802 vero
2507 750 2759 822 propter
2778 738 2925 801 nihil

615 847 789 911 aliud
835 845 1166 908 scribenda
1200 844 1451 906 videtur
1481 842 1687 920 esse,⁴²
1717 844 1841 907 nisi
1871 856 1946 907 ut
1976 847 2292 922 ostendat,
2331 857 2699 928 sequentem
2729 867 2770 907 u
2798 857 2926 908 ante

616 954 881 1016 alteram
908 950 1187 1014 vocalem
1224 950 1289 1011 in
1323 951 1543 1012 eadem
1573 948 1858 1034 syllaba⁵
1888 951 2161 1032 positam
2190 953 2450 1035 perdere
2482 952 2613 1015 vim
2640 951 2850 1014 literae
2869 950 2927 1013 in

614 1070 837 1121 metro.
903 1058 1095 1124 Quod
1126 1056 1180 1118 si
1210 1053 1391 1118 ideo⁰
1422 1056 1547 1119 alia
1577 1055 1803 1119 litera⁷
1834 1068 1930 1120 est
1959 1057 2382 1121 existimanda
2414 1080 2609 1141 quam
2638 1080 2694 1133 c,
2712 1052 2741 1090 ⁸
2768 1059 2930 1120 debet

614 1190 657 1248 g
702 1159 1020 1247 quoque,⁹
1063 1185 1210 1224 cum
1256 1159 1617 1225 similiter¹⁰
1655 1163 2070 1245 praeponitur
2113 1164 2434 1227 amittenti
2479 1188 2525 1228 u
2546 1162 2592 1198 ¹¹
2643 1163 2771 1227 vim
2808 1163 2927 1226 lite-

616 1294 744 1347 rae,
774 1264 967 1333 alia¹²
997 1267 1211 1352 putari
1240 1279 1303 1329 et
1334 1267 1480 1342 alia,
1502 1261 1554 1300 ¹3
1587 1290 1732 1330 cum
1764 1269 1829 1330 id
1859 1292 1990 1332 non
2020 1270 2195 1333 facit.
2217 1268 2271 1303 ¹4
2320 1270 2612 1334 Dicimus
2645 1270 2810 1333 enim
2837 1293 2928 1332 an-

615 1377 759 1461 guis
780 1374 831 1408 15
877 1375 1044 1439 sicut
1074 1374 1240 1458 quiS,
1279 1385 1341 1437 et
1373 1370 1647 1456 augur¹6
1689 1374 1854 1437 sicut
1875 1376 2077 1458 jecur.
2099 1374 2151 1408 ¹⁷
2197 1376 2387 1439 Unde
2418 1376 2472 1439 si
2504 1377 2772 1440 velimus
2806 1398 2930 1438 cum

614 1484 879 1547 veritate
910 1479 1350 1563 contemplari,
1371 1476 1424 1512 ¹⁸
1453 1491 1527 1542 ut
1557 1479 1861 1558 diximus,
1891 1505 2021 1545 non
2051 1482 2198 1565 plus
2231 1484 2545 1546 decemet
2577 1495 2719 1546 octo
2745 1483 2930 1546 literas

615 1592 685 1653 in
715 1590 915 1654 latino
947 1609 1233 1652 sermone
1265 1586 1595 1661 habemuS,
1623 1585 1745 1649 hoc
1776 1598 1893 1663 est,
1923 1589 2196 1651 sedecim
2218 1588 2516 1671 antiquas
2542 1591 2929 1662 Graecorum,

617 1710 681 1760 et
724 1698 758 1759 f
790 1708 854 1759 et
894 1718 937 1757 x
966 1704 1187 1779 postea
1216 1692 1463 1755 additas
1496 1703 1560 1755 et
1592 1715 1695 1755 eas
1727 1716 1977 1776 quoque
2009 1696 2089 1757 ab
2119 1695 2354 1758 eisdem
2384 1708 2656 1759 sumtas.
2719 1697 2877 1757 Nam
2900 1715 2933 1777 y

617 1815 682 1867 et
724 1827 756 1865 z
801 1823 1169 1886 graecorum
1190 1796 1242 1832 ¹⁹
1283 1821 1497 1874 causa,
1535 1810 1609 1861 ut
1652 1822 1843 1882 supra
1873 1801 2117 1864 dictum
2145 1812 2263 1877 est,
2301 1801 2646 1865 ascivimus
2660 1798 2716 1836 ²⁰
2757 1799 2934 1864 nomi-

619 1932 798 1972 num.
867 1910 938 1970 H
977 1919 1191 1970 autem
1222 1904 1624 1987 aspirationis
1657 1918 1753 1967 est
1782 1917 1956 1982 nota,
1994 1918 2057 1969 et
2087 1907 2254 1969 nihil
2284 1908 2462 1970 aliud
2491 1908 2690 1972 habet
2717 1900 2932 1982 literae,

617 2016 745 2078 nisi
774 2018 1067 2097 figuram,
1100 2024 1163 2074 et
1195 2011 1363 2093 quod
1395 2010 1462 2071 in
1494 2033 1689 2095 versu
1712 2009 2069 2075 scribitur²¹
2106 2013 2272 2076 inter
2295 2014 2453 2077 alias
2477 2014 2720 2077 literas·
2772 2012 2937 2081 Quod

618 2122 671 2185 si
713 2122 1049 2195 sufficeret,
1068 2114 1122 2152 ²²
1169 2130 1243 2180 ut
1288 2118 1677 2180 elementum
1709 2130 2063 2200 putaretur,
2101 2120 2523 2183 nihilominus
2563 2121 2938 2203 quorundam

618 2228 810 2292 etiam
856 2246 1267 2289 numerorum
1311 2225 1574 2305 figurae,
1615 2224 1766 2306 quia
1806 2224 1875 2286 in
1919 2246 2107 2287 versu
2148 2226 2316 2288 inter
2360 2226 2518 2289 alias
2562 2228 2781 2290 literas
2810 2223 2936 2288 scri-

616 2337 893 2409 buntur,
943 2330 1232 2416 quamvis
1290 2330 1380 2392 eis
1423 2329 1762 2393 dissimiles
1807 2330 1970 2405 sint,
2024 2331 2337 2395 elementa
2379 2343 2533 2395 sunt
2577 2323 2938 2395 habenda.²³

620 2443 747 2505 Sed
790 2439 1055 2503 minime
1099 2439 1217 2501 hoc
1259 2447 1356 2499 est
1401 2437 1860 2512 adhibendum,
1880 2433 1935 2470 ²4
1976 2459 2095 2500 nec
2125 2438 2301 2500 aliud
2330 2438 2578 2521 aliquid
2596 2435 2651 2472 ²⁵
2695 2461 2772 2500 ex
2800 2435 2935 2499 acci·

618 2546 918 2609 (lentibus
935 2542 990 2579 ²⁶
1032 2543 1484 2629 proprietatem
1543 2542 1823 2606 ostendit
1877 2542 2399 2627 uniuscujusque⁸
2425 2544 2760 2620 elementi,
2807 2562 2936 2626 quo-

616 2656 803 2717 modo
847 2664 1152 2737 potestaS,
1189 2645 1381 2733 qua²⁷
1429 2660 1602 2713 caret
1636 2649 1959 2734 aspiratiO.
2025 2652 2256 2733 Neque
2287 2651 2460 2714 enim
2488 2651 2727 2714 vocalis
2756 2668 2935 2731 neque

618 2782 975 2824 consonans
1021 2780 1156 2820 esse
1197 2768 1428 2840 potest.
1493 2757 1749 2820 Vocalis
1794 2778 1925 2818 non
1972 2767 2068 2819 est
2110 2756 2178 2833 h,
2216 2757 2365 2839 quia
2410 2780 2448 2820 a
2486 2778 2552 2819 se
2585 2778 2799 2820 vocem
2824 2775 2937 2816 non

619 2867 793 2942 facit,
811 2861 868 2899 ²⁸
910 2887 1027 2927 nec
1072 2863 1489 2939 semivocalis,
1539 2884 1686 2925 cum
1729 2862 1909 2925 nulla
1955 2862 2199 2945 syllaba
2242 2863 2443 2926 latina
2482 2864 2584 2926 vel
2631 2883 2843 2946 graeca
2879 2858 2937 2920 in

618 2973 895 3057 perfecta
936 2970 1214 3034 dictione
1259 2969 1329 3030 in
1373 2990 1512 3031 eam
1543 2967 1815 3045 desinat,
1835 2965 1890 3002 ²⁹
1920 2990 2037 3031 nec
2068 2979 2270 3044 muta,
2307 2990 2455 3031 cum
2484 2969 2556 3031 in
2591 2970 2806 3033 eadem
2832 2965 2935 3049 syl-

618 3081 764 3142 laba
807 3100 955 3140 cum
1000 3077 1248 3139 duabus
1293 3073 1490 3136 mutis
1533 3073 1632 3136 bis
1677 3074 1959 3157 ponitur,
1999 3085 2076 3137 ut
2119 3074 2422 3150 Phthius,
2474 3071 2929 3137 Erichthonius.

618 3185 819 3249 Nulla
850 3184 1021 3246 enim
1053 3183 1294 3266 syllaba
1325 3180 1471 3264 plus
1503 3180 1752 3242 duabus
1782 3178 2016 3243 mutis¹
2052 3191 2265 3263 potest
2293 3180 2524 3244 habere
2547 3180 2742 3264 juxta
2763 3202 2823 3242 se
2844 3197 2933 3261 po·

763 3368 862 3438 (6¹²)
943 3371 962 3418 1
1005 3368 1165 3421 emith
1191 3369 1375 3437 zfoyur
1454 3372 1483 3419 2
1522 3368 1685 3421 emith
1768 3371 1796 3419 3
1835 3367 2206 3435 indbenfoyuir
2231 3371 2292 3421 πί
2315 3367 2438 3437 fail
2457 3368 2649 3420 dechor
2674 3359 2935 3433 comfoyair

618 3454 763 3507 indib
833 3458 864 3505 4
901 3457 962 3505 ni
982 3453 1257 3505 roscribad
1278 3471 1343 3505 αν
1367 3455 1504 3506 naz’ll
1525 3473 1581 3505 n.
1658 3457 1687 3505 5
1727 3454 1779 3506 la
1808 3472 1878 3522 .q.
1910 3460 1936 3506 7
1967 3453 2264 3523 lasinyutai
2283 3453 2687 3506 dodaiarmorat
2732 3469 2737 3474 ’

760 3545 790 3592 6
830 3557 886 3590 ,1.
927 3537 1261 3591 arthaidbsin
1298 3539 1501 3591 nihelsa
1524 3540 1634 3607 far
1675 3558 1749 3592 .u.
1849 3544 1874 3590 7
1915 3538 2037 3591 liter
2059 3538 2181 3591 sain
2275 3542 2305 3591 8
2342 3540 2523 3591 oldaas
2553 3557 2620 3590 .c.
2648 3534 2859 3604 sat‘nsri
2877 3549 2928 3583 Α).

619 3632 649 3679 9
693 3626 770 3696 (111
805 3624 1000 3694 marg.)
1035 3641 1091 3675 .1.
1134 3624 1236 3675 bad
1272 3624 1393 3676 liter
1430 3624 1549 3676 sain
1594 3642 1645 3693 .y
1684 3629 1710 3677 7
1751 3625 1864 3677 biti»
1900 3624 2112 3677 charae.
2142 3624 2279 3677 naill
2298 3624 2483 3677 diam.
2510 3624 2696 3676 sodaz'n
2724 3641 2778 3674 .1.
2803 3620 2931 3671 intem

619 3712 754 3763 mbis
778 3710 982 3762 nihelas
1006 3710 1070 3761 do
1100 3727 1172 3760 .u.
1187 3707 1285 3776 fri
1309 3726 1381 3776 .9.
1516 3713 1578 3761 10
1601 3709 1699 3778 fri
1723 3728 1793 3779 .q.
1932 3712 1987 3760 11
2030 3709 2171 3762 domi
2195 3728 2268 3762 .u.
2406 3713 2467 3762 12
2503 3710 2625 3762 sain
2745 3710 2801 3758 13
2832 3700 2929 3755 sain

626 3802 687 3849 14
723 3795 1057 3863 nihelasfrie
1132 3798 1191 3845 15
1229 3793 1414 3845 nathir
1488 3798 1549 3847 16
1586 3795 1885 3848 matkmare
1960 3798 2018 3846 17
2058 3796 2215 3847 caebb
2245 3813 2323 3847 ‚oo
2401 3797 2460 3847 18
2500 3795 2579 3847 lin
2606 3794 2685 3847 lit.
2715 3790 2820 3844 tait.

762 3884 821 3933 19
861 3899 917 3933 .1.
946 3879 1187 3932 arnibiat
1207 3878 1552 3931 inanmanaib
1579 3880 1693 3932 lait.
1726 3883 1752 3931 7
1781 3883 1843 3932 πί
1863 3879 2190 3934 erchuiretar
2216 3879 2292 3930 lin
2318 3877 2398 3931 lit.
2429 3878 2545 3932 lait.
2575 3880 2682 3932 iar.
2771 3879 2829 3928 20
2858 3872 2928 3924 do-

619 3968 1008 4021 rochuirsemar
1078 3967 1138 4016 21
1179 3964 1242 4016 do
1267 3958 1586 4034 immfoluny
1596 3959 1724 4034 fuit
1791 3968 1856 4017 22
1891 3961 2070 4018 anisin
2093 3965 2370 4018 ascribenti
2389 3965 2531 4019 inter
2554 3965 2691 4018 alias

759 4057 824 4107 23
861 4049 1176 4105 ditktechtai
1201 4049 1329 4119 (leg.
1359 4048 1513 4103 nicht.
1537 4052 1584 4121 9)
1665 4055 1727 4103 24
1765 4054 1827 4103 πί
1848 4049 2114 4119 aedparthi
2132 4049 2248 4103 imo
2271 4051 2490 4104 arnibat
2514 4051 2637 4103 licre
2661 4053 2781 4101 nota
2801 4058 2925 4097 aram

620 4136 954 4194 ciascribtair
976 4135 1146 4203 bifera
1228 4138 1292 4186 25
1329 4135 1485 4188 alain
1504 4136 1625 4189 sain
1711 4139 1776 4189 26
1818 4135 1893 4204 (111
1918 4134 2115 4205 marg.)
2144 4135 2311 4204 nffat'l
2330 4137 2467 4188 nach
2491 4134 2741 4188 naiccidit
2764 4125 2928 4185 taibsed

618 4225 832 4279 sm'nred
856 4224 977 4276 litre
1001 4240 1106 4274 am.
1136 4220 1311 4273 donad
1333 4221 1606 4272 chumach.
1683 4226 1745 4273 27
1783 4219 2209 4273 ίεόεαίᾶίωοανει
2228 4220 2487 4290 aspiratio

757 4313 822 4362 28
859 4312 920 4360 ni
954 4308 1068 4360 rela
1101 4305 1281 4359 aainm
1319 4323 1424 4357 am.
1449 4307 1605 4374 yuth.
1638 4309 1664 4356 7
1694 4309 1754 4357 m'
1787 4304 1994 4358 diuseki
2016 4306 2142 4374 foy.
2173 4324 2279 4358 am.
2309 4323 2538 4358 consana
2646 4309 2709 4359 29
2743 4297 2920 4368 nifoir·

619 4395 842 4449 cuithaer
868 4395 1003 4447 nach
1027 4411 1166 4446 rann
1189 4395 1254 4461 ὀρ
1279 4391 1396 4444 indi

760 4481 856 4551 (7³)
937 4484 957 4531 l
1005 4498 1060 4533 .1.
1091 4477 1237 4534 nibia
1262 4477 1519 4531 dimataib
1548 4477 1631 4529 bes
1657 4476 1847 4529 hainin
1872 4475 2023 4529 inoen
2048 4476 2153 4529 sill.
