3150 5242
1382 1439 2215 1542 APPENDIX.

637 1882 1295 1966 SPICILEGIA
1338 1883 1484 1962 ET
1528 1881 2085 1965 SPECIMIN
2091 1886 2165 1962 A
2203 1890 2276 1964 E
2321 1882 2954 1967 CODICIBUS.

806 2130 1149 2217 Spicilegia
1194 2131 1293 2193 vel
1335 2130 1646 2193 dictiones
1683 2141 1747 2192 et
1778 2129 2125 2192 sententias
2157 2130 2452 2195 collectas
2484 2133 2679 2197 unius
2713 2135 2955 2210 tenoriS,

634 2263 689 2301 e.
719 2261 816 2321 gr.
853 2234 1346 2320 grammaticalis
1379 2235 1509 2297 sive
1540 2235 1821 2311 moralis,
1852 2246 1915 2297 et
1946 2235 2293 2317 specimina
2323 2238 2425 2300 vel
2454 2251 2667 2321 partes
2697 2240 2960 2323 integras

635 2367 669 2407 e
712 2343 1035 2408 codicibus
1079 2340 1450 2424 praesertim
1494 2339 1838 2403 hibernicis
1880 2351 2012 2403 tam
2041 2342 2325 2409 exercitii
2357 2367 2550 2427 quam
2579 2347 2752 2409 modi
2784 2347 2958 2408 inter-

633 2448 1006 2534 pretationis
1031 2459 1317 2510 veterum
1340 2447 1764 2529 glossatorum
1787 2446 2142 2510 accuratius
2167 2451 2592 2531 cognoscendi
2616 2474 2804 2515 causa
2827 2453 2956 2514 sub·

626 2557 899 2641 jungere
942 2554 1046 2616 hic
1087 2553 1156 2615 in
1186 2555 1313 2615 fine
1345 2552 1549 2636 operis
1581 2551 2009 2635 incongruum
2039 2562 2207 2631 certe
2238 2574 2370 2616 non
2401 2566 2518 2632 est,
2556 2568 2622 2619 et
2651 2560 2833 2621 modo
2861 2559 2954 2620 ad-

613 2665 781 2745 dere
817 2648 1418 2724 commentationein
1449 2659 1539 2722 ita
1568 2658 1931 2741 propositiS,
1967 2662 2155 2722 modo
2188 2659 2501 2739 omittere,
2538 2677 2614 2725 ut
2644 2664 2866 2726 harum
2890 2663 2953 2724 li-

636 2781 913 2832 terarum
956 2766 1196 2829 amicus
1226 2765 1612 2829 facilioribus
1645 2765 2023 2848 quibusdam
2056 2763 2341 2827 imbutus
2373 2766 2509 2850 ipse
2538 2769 2833 2852 deinc-eps
2861 2791 2953 2852 pe-

635 2874 911 2937 riculum
954 2871 1145 2934 faciat
1188 2872 1258 2934 in
1296 2872 1458 2935 aliis.
1526 2869 1916 2936 Britannicis
1948 2892 2109 2951 quae
2141 2870 2438 2954 deinceps
2469 2887 2840 2957 sequuntur,
2872 2897 2953 2937 ra·

636 2979 906 3043 rioribus
951 2989 1015 3040 et
1056 2977 1509 3040 vetustioribus
1552 2976 1622 3037 in
1664 2998 1870 3038 unum
1900 2976 2112 3038 locum
2141 2976 2443 3054 collectiS‚
2482 2980 2774 3044 omnibus
2805 3002 2951 3042 com-

636 3082 985 3147 mentarius
1017 3085 1347 3146 addendus
1379 3082 1733 3144 videbatur.
1763 3161 1770 3166 ὗ

1440 3524 1504 3593 Ι.
1620 3522 2170 3594 Hibernica.

1016 3728 1096 3787 A.
1192 3722 1696 3786 Dictiones
1762 3724 2606 3803 grammaticales*

1669 3909 1953 3972 Sonus

813 4102 1087 4183 Foyur
1132 4102 1378 4180 (sonuS,
1429 4094 1932 4177 pronuntiatio):
1964 4097 2182 4180 foyur
2228 4122 2306 4160 .z.
2335 4099 2464 4182 for
2515 4101 2603 4162 Α.
2642 4100 2752 4182 (gl.
2785 4111 2936 4175 saepe.

642 4212 684 4272 d
716 4207 1061 4272 scribentes
1094 4202 1311 4267 Latini
1341 4202 1531 4275 hane,
1568 4224 1624 4277 Ζ,
1661 4201 2031 4282 exprimunt
2061 4225 2238 4281 son0,
2282 4252 2296 4266 .
2333 4252 2348 4266 .
2382 4202 2798 4288 antiquissimi
2825 4199 2932 4261 Me·

781 4379 807 4403 '
844 4377 1028 4430 Codex
1067 4373 1161 4443 Sg.
1202 4372 1431 4424 refertus
1471 4370 1634 4440 hujus
1672 4371 1886 4438 generis
1921 4373 2252 4426 dictionibus
2290 4373 2678 4443 intelligendus
2714 4378 2802 4432 est,
2834 4378 2932 4416 cum

644 4481 753 4516 non
782 4462 979 4514 citatur
1004 4460 1161 4520 alius,
1214 4457 1325 4516 Qui
1351 4456 1462 4521 alii,
1493 4455 1708 4525 quando
1735 4473 1908 4509 sermo
1935 4467 2018 4510 est.
2041 4459 2108 4510 de
2133 4459 2292 4511 rebus
2318 4457 2810 4528 grammaticalibus,
2834 4463 2933 4502 cum
