3150 5242
625 357 743 421 VI.
781 362 842 421 2.
907 377 1351 423 cons'rnuc‘rlo
1382 378 1660 422 PoE'rch
1690 376 2085 421 mnnnch.
2392 355 2518 418 937

137 563 145 571 ·
229 523 384 586 finali
423 523 451 587 i
485 524 552 589 in
594 525 786 590 latere
828 529 1008 591 offert
1049 527 1119 589 in
1165 528 1313 595 brut,
1348 527 1554 613 mulri,
1571 526 1897 613 fosaralbi
1942 526 2109 612 inlri,
2153 536 2218 589 et
2258 525 2521 609 insuper

224 628 511 693 internam
552 630 621 693 in
647 632 1085 716 fotrochlanib
1110 634 1541 717 sochochlan;
1589 634 1858 697 ultimus
1888 632 2279 695 cumulatam
2307 630 2519 693 initia·

223 733 348 810 lem,
375 737 859 821 contrapositam
889 740 964 803 ch
987 751 1051 802 et
1073 740 1498 803 consociatam
1509 741 1585 825 f,
1613 741 1739 802 ita:
1768 738 2190 824 Medo-holmo«,-
2209 736 2518 821 ramis-ha-

220 850 409 905 rastar
434 865 511 906 ar
523 842 750 928 'jaqad
773 843 868 915 ar!
936 867 988 907 s.
1028 843 1221 908 isairi
1258 844 1758 931 ramlcharastar
1787 843 1936 907 nair
1964 842 2175 907 t'stend
2200 842 2513 928 molchris.

363 949 865 1013 Constructionis
896 971 1197 1013 versuum
1225 950 1295 1013 in
1326 961 1495 1013 certa
1523 951 1726 1013 forma
1756 960 1820 1012 et
1849 960 2018 1012 certo
2042 971 2307 1011 numero
2330 948 2517 1031 sylla-

215 1053 410 1118 barum
437 1054 737 1118 usitatius
767 1078 969 1139 genus
1001 1055 1124 1119 fuit
1156 1056 1245 1133 id,
1281 1078 1406 1139 quo
1436 1057 1564 1118 duo
1595 1077 1838 1131 versuS,
1871 1076 2145 1137 quorum
2173 1065 2519 1136 utrumque

211 1160 535 1224 membrum
575 1171 820 1245 septem
865 1161 1124 1246 syllabis
1170 1171 1441 1238 constat,
1490 1160 1561 1223 in
1607 1160 1925 1224 distichon
1957 1161 2326 1244 junguntur
2370 1180 2518 1221 cum

210 1244 540 1330 assonantia
568 1267 753 1330 finali
783 1278 895 1331 aut
924 1267 1307 1350 copulativa,
1342 1276 1418 1329 ut
1446 1265 1517 1328 in
1546 1266 1786 1349 hymno
1816 1266 1885 1328 iu
1914 1267 2172 1328 laudem
2203 1265 2271 1328 S.
2311 1263 2517 1327 Patri-

208 1368 275 1431 cii
301 1370 636 1449 hibernico,
675 1383 789 1436 aut
818 1372 1264 1456 contraposita,
1301 1384 1375 1436 ut
1404 1372 1474 1435 in
1503 1370 1782 1436 carmine
1813 1371 2045 1434 codicis
2076 1371 2515 1434 Mediolanen—

206 1475 277 1538 sis
316 1488 374 1539 et
411 1477 477 1541 in
504 1477 802 1549 *disticho
830 1477 1035 1561 primo
1066 1479 1259 1542 allato
1290 1501 1324 1541 e
1354 1477 1567 1541 codice
1585 1478 2024 1561 sangallensi.
2090 1479 2178 1540 Et
2205 1477 2298 1539 ita
2325 1476 2515 1538 modo

205 1579 304 1644 hac
328 1585 508 1647 modo
551 1584 667 1647 illa
698 1584 899 1646 forma
929 1583 1277 1669 composita
1306 1594 1461 1646 sunt
1491 1583 1677 1667 plura
1706 1583 1831 1646 alia
1861 1583 2141 1646 carmina
2170 1591 2416 1645 servata
2445 1580 2515 1642 in

203 1688 490 1752 codicibus
531 1689 752 1752 minus
796 1688 1086 1752 vetustiS.
1104 1687 1137 1722 ³*
1198 1690 1488 1753 Subsunt
1532 1690 1787 1752 eaedem
1831 1689 2067 1752 formae
2096 1687 2287 1751 etiam
2319 1685 2513 1770 gaeli-

150 1796 155 1802 “
203 1816 391 1859 corum
432 1798 795 1860 Bardorum
837 1794 1259 1874 carminibu8‚
1307 1817 1468 1878 quae
1512 1795 1816 1857 dicuntur
1854 1794 2219 1870 Ossianica‚
2266 1790 2511 1855 indutis

200 1899 425 1979 quidem
442 1901 810 1966 recentioris
833 1901 1092 1984 linguae
1111 1899 1336 1964 habitu
1361 1902 1469 1964 sed
1491 1923 1625 1964 non
1648 1901 2082 1964 differentibus
2102 1901 2171 1962 in
2193 1909 2512 1963 structura

197 2005 415 2085 poetica
448 2008 575 2072 nisi
606 2006 835 2090 majori
862 1988 1156 2069 libertate
1187 2006 1256 2069 in
1284 2029 1549 2070 numero
1581 2008 1966 2090 syllabarum
1994 2005 2365 2089 praesertim
2390 2003 2509 2066 mi-

196 2112 342 2174 noris
370 2125 672 2177 accentus
706 2123 769 2176 et
798 2111 867 2174 in
898 2103 1022 2174 usu
1052 2112 1474 2175 assonantiae.
1843 2188 1854 2194 „

341 2221 757 2283 Pervetustus
786 2217 961 2280 haud
991 2217 1182 2288 dubie
1212 2220 1310 2280 est
1339 2217 1617 2299 hymnus
1648 2217 1718 2280 in
1742 2218 1810 2281 S.
1842 2217 2212 2300 Patricium,
2242 2217 2353 2278 sed
2375 2220 2508 2276 non

194 2317 252 2382 in
289 2324 734 2387 vetustioribus
779 2322 1101 2394 codicibus
1132 2332 1415 2385 servatus
1446 2322 1515 2384 in
1546 2322 2065 2406 orthographiam
2095 2321 2506 2385 recentiorem

193 2429 617 2513 transscriptus
653 2449 772 2491 nec
804 2427 1210 2512 incorruptus
1233 2427 1303 2490 in
1326 2428 1541 2492 formis
1563 2428 2145 2512 grammaticalibus
2165 2427 2421 2510 legitur.
2439 2423 2506 2458 *⁴*

305 2689 331 2739 5
361 2690 657 2745 Alternant
679 2690 820 2744 inter
842 2698 1128 2760 utramque
1153 2708 1201 2744 e.
1221 2709 1302 2760 gr.
1331 2692 1512 2744 omnia
1537 2693 1772 2745 carmina
1796 2693 1926 2746 satis
1947 2708 2233 2746 numerosa
2253 2696 2310 2743 et
2325 2688 2504 2757 ampla

190 2769 366 2827 inserta
400 2775 701 2829 narrationi
735 2782 979 2828 vetustae
1015 2775 1342 2841 hibernicae,
1383 2794 1520 2846 quae
1556 2778 1760 2847 prodiit
1794 2796 1843 2831 a.
1877 2781 2005 2830 1808
2031 2777 2262 2830 Dublini
2297 2775 2398 2828 sub
2433 2774 2501 2827 ti-

188 2855 314 2912 tulo:
347 2856 633 2924 “Deir-dri,
663 2877 724 2911 or
752 2859 845 2912 the
870 2858 1193 2912 lamentable
1218 2860 1326 2912 fate
1352 2860 1414 2912 of
1431 2860 1524 2913 the
1549 2879 1676 2913 sons
1702 2862 1764 2914 of
1784 2862 2016 2926 Usnach,
2046 2880 2114 2915 an
2140 2862 2358 2915 ancient
2382 2860 2501 2913 dra-

189 2942 327 2996 matic
359 2944 488 2998 irish
522 2945 654 3009 tale,
684 2962 787 2997 one
825 2945 886 2997 of
913 2933 1009 2997 the
1046 2945 1198 2997 three
1233 2945 1404 3014 tragic
1429 2946 1621 2998 stories
1647 2946 1708 2998 of
1726 2946 1909 3011 Eirin3
1946 2946 2179 3017 literally
2203 2945 2499 3000 translated

188 3022 286 3078 into
309 3030 513 3099 english
548 3030 690 3083 from
714 3046 784 3081 an
809 3028 1040 3098 original
1064 3029 1236 3098 gaelic
1261 3031 1611 3106 manuscript,
1639 3031 1770 3085 with
1795 3038 1951 3084 notes
1975 3032 2084 3084 and
2107 3030 2496 3085 observations.

187 3106 257 3181 By
272 3111 597 3184 Theophilus
617 3112 853 3166 O'Flan
868 3109 1098 3183 agan.'’
1136 3114 1240 3167 Est
1263 3114 1503 3185 ejusdem
1528 3115 1784 3168 historiae
1809 3117 2045 3169 narratio
2071 3117 2292 3186 duplex.
2332 3107 2504 3167 Plura*

186 3192 356 3259 prioris
388 3200 626 3252 carmina
664 3199 961 3252 ostendunt
985 3200 1403 3269 contrapositam
1427 3200 1791 3253 assonantiam
1819 3201 1893 3270 (p.
1920 3205 2007 3253 42.
2036 3205 2122 3253 56.
2152 3207 2237 3253 60.
2266 3204 2351 3252 64.
2384 3199 2493 3268 78),

188 3280 519 3347 copulativam
560 3284 671 3335 duo
709 3283 766 3336 in
801 3282 906 3336 fine
935 3285 1009 3354 (p.
1044 3286 1160 3336 108.
1194 3285 1332 3354 116).
1383 3284 1451 3336 In
1486 3284 1799 3354 posterioris
1826 3286 2146 3338 narrationis
2172 3283 2498 3337 carminibus

187 3358 431 3419 invenitur
455 3368 769 3421 assonantia
795 3369 1159 3438 contraposita
1183 3368 1313 3421 item
1342 3368 1418 3438 (p.
1451 3372 1567 3422 150.
1595 3370 1733 3438 166),
1763 3370 2066 3439 copulativa
2089 3371 2145 3424 in
2171 3367 2498 3422 carminibus

176 3439 360 3503 ‘additis
393 3453 459 3505 ab
497 3452 708 3506 editore
744 3453 802 3505 in
835 3451 941 3506 fine
978 3453 1120 3517 libri,
1152 3470 1382 3523 quorum
1418 3453 1582 3507 unius
1607 3460 1796 3506 auctor
1821 3454 2019 3506 dicitur
2043 3454 2209 3507 abbas
2235 3449 2497 3507 Columba

190 3528 393 3595 (hibern.
427 3536 636 3590 Goluim
663 3537 796 3602 cille,
827 3537 974 3607 angl.
1004 3536 1340 3607 Columkill)‚
1370 3537 1592 3590 alterius
1615 3538 1879 3591 Ossianus
1907 3538 2137 3607 (hibern.
2172 3536 2365 3607 Oisin),
2389 3543 2495 3589 ter-

186 3612 239 3665 tii
259 3616 438 3673 Talcus
475 3622 623 3674 filius
658 3622 819 3675 Treni
854 3622 1084 3692 (hibern.
1124 3623 1253 3676 Tale
1277 3640 1394 3675 mac
1427 3622 1662 3693 Treoin).
1719 3623 1860 3676 Sunt
1884 3623 2030 3675 haud
2056 3623 2219 3676 dubie
2243 3623 2375 3674 haec
2400 3638 2493 3673 an-

187 3698 318 3767 tiqua
347 3707 599 3770 carmina,
630 3714 685 3760 et
721 3707 1046 3760 narrationis
1083 3708 1253 3777 ipsius
1287 3708 1476 3777 lingua
1499 3715 1715 3761 vetusta
1738 3715 1846 3773 est;
1877 3716 2123 3762 ‘attamen
2148 3725 2247 3760 nec
2271 3707 2493 3776 scriptio

187 3797 270 3835 nec
291 3786 484 3844 formae
509 3792 938 3861 grammaticales
965 3798 1093 3844 sunt
1115 3809 1282 3861 purae
1306 3793 1429 3846 illae
1450 3800 1505 3846 et
1521 3793 1791 3863 genuinae
1812 3800 2116 3846 nostrorum
2138 3793 2384 3845 codicum
2405 3809 2493 3844 ve-

185 3870 467 3927 tustiorum.
519 3875 825 3945 Dispositio
861 3894 1112 3930 versuum
1149 3877 1206 3930 in
1242 3877 1481 3932 editione
1521 3895 1585 3931 ea
1623 3885 1721 3942 est,
1752 3885 1815 3931 ut
1852 3878 2082 3949 quodvis
2106 3878 2405 3931 membrum
2429 3882 2493 3929 ut

184 3965 345 4024 Versus
385 3968 669 4031 appareat,
711 3962 821 4013 sint
856 3979 985 4032 ergo
1024 3961 1276 4032 strophae
1314 3971 1547 4032 quatuor
1584 3961 1876 4027 linearum,
1917 3963 2046 4015 dum
2082 3962 2346 4018 vetustior
2382 3962 2490 4014 dis-

182 4032 349 4092 tinctio
371 4043 498 4098 bina
523 4045 764 4097 membra
797 4052 859 4098 ut
884 4047 1054 4099 'unum
1079 4065 1294 4100 versum
1318 4048 1511 4100 in‘una
1533 4046 1694 4111 linea,
1725 4048 1957 4101 disticha
1980 4065 2109 4117 ergo
2135 4066 2231 4118 pro
2257 4046 2493 4115 strophis

184 4120 396 4179 exhibet.
448 4130 596 4183 Rara
631 4130 689 4182 in
726 4131 976 4183 omnibus
1000 4132 1085 4184 his
1111 4138 1193 4184 est
1215 4133 1527 4196 assonantia¹
1545 4132 1721 4185 finalis
1748 4133 2026 4203 bisyllaba,
2055 4132 2354 4185 communis
2377 4148 2490 4182 mo-

183 4209 450 4278 nosyllaba,
489 4214 800 4285 frequenter
836 4215 1086 4281 dimidia3
1124 4234 1223 4269 nec
1257 4217 1455 4270 desunt
1476 4217 1584 4270 loci
1606 4218 1662 4270 in
1689 4218 1887 4288 quibus
1912 4218 2132 4270 omnino
2158 4216 2493 4269 desideratur
2579 4289 2587 4297 ἢ

182 4298 464 4355 assonantia
504 4299 699 4351 finalis.
750 4299 932 4369 Magis
957 4300 1084 4353 inde
1110 4318 1409 4370 congruum
1434 4309 1533 4367 est,
1565 4321 1632 4355 ex
1656 4303 1857 4372 hymno
1882 4303 1938 4355 in
1967 4303 2022 4355 S.
2050 4302 2344 4355 Patricium
2370 4318 2490 4370 pro-

185 4369 357 4430 ducere
381 4383 639 4453 exempla,
660 4383 776 4452 jam
800 4384 870 4436 ob
896 4386 1209 4454 varietatem
1233 4387 1571 4440 assonantiae
1596 4387 1768 4439 multo
1795 4387 2070 4456 majorem.

277 4460 326 4487 ⁸*
357 4463 552 4520 Editus
591 4468 648 4520 in
688 4485 846 4538 opere
873 4470 1120 4539 Colganii
1148 4472 1322 4542 (cujus
1360 4473 1587 4525 nimium
1613 4472 1719 4525 rari
1743 4474 1986 4525 nondum
2010 4472 2145 4527 mihi
2170 4471 2324 4541 copia
2347 4470 2487 4523 facta
