3150 5242
634 355 797 417 1076
1009 374 1379 419 ΑΡΡΕΝΒῙΧ.
1446 376 1782 420 ΒΡΕΟΙΜΕΝ
1814 362 2067 420 comcls
2098 377 2459 421 HIBERNICI
2491 378 2590 421 CR.

637 527 814 600 dum,
852 524 1020 606 quod
1060 523 1182 587 hoc
1213 538 1667 608 argumentum
1696 549 1735 590 a
1767 526 2125 611 Septembri
2155 526 2417 611 quidam
2447 525 2809 610 incipiunt,¹
2850 549 2945 611 po·

637 643 865 695 nentes
895 630 1101 694 eidem
1125 629 1521 716 Septembri²
1552 633 1873 717 regulares
1903 634 1987 708 V,
2024 633 2283 697 Octobri
2316 634 2399 710 V,
2435 634 2777 697 Novembri
2803 635 2941 710 VII,

641 737 979 800 Decembri
1009 739 1169 815 VII,
1199 749 1263 801 et
1293 750 1499 801 cetera
1540 750 1616 801 ut
1646 762 1841 823 supra
1868 761 1985 802 nos
2015 740 2371 823 posuimus,
2400 742 2570 822 quod
2598 742 2688 803 ob
2709 740 2947 803 auctori·

642 854 839 908 tatem
864 842 1325 926 Aegyptiorum
1354 845 1817 908 rationabiliter
1845 868 2102 929 prorsus
2132 858 2359 929 agunt,
2388 858 2462 911 ut
2488 870 2525 911 a
2549 846 2777 930 quibus
2798 845 2947 928 origo

640 949 1052 1034 computandi
1092 961 1303 1013 sumta
1341 962 1458 1027 est,
1495 952 1728 1014 horum
1771 974 2022 1034 quoque
2065 953 2133 1015 in
2165 954 2592 1036 computando
2624 950 2775 1015 anni
2801 951 2948 1033 prin-

640 1058 880 1142 cipium
925 1055 1280 1120 imitentur.
1344 1057 1589 1120 Verum
1619 1057 1762 1121 aliis
1793 1059 2005 1142 aptius
2035 1059 2241 1123 multo
2273 1070 2338 1121 et
2367 1051 2767 1142 expeditius³
2805 1056 2949 1118 vide·

642 1177 768 1239 tur,
803 1174 878 1226 ut
918 1162 1310 1245 computatio
1351 1162 1621 1239 omnies*
1665 1174 1980 1246 quantum
2018 1186 2151 1227 non
2196 1164 2540 1228 necessitas
2570 1162 2828 1227 rationis
2856 1163 2949 1223 ob-

641 1272 846 1347 sistat,
881 1293 920 1333 a
957 1267 1272 1353 principio
1301 1268 1456 1332 anni
1488 1269 1591 1332 sui
1620 1270 1815 1334 etiam
1845 1272 2019 1354 apud
2047 1268 2414 1334 Romanos⁵
2456 1270 2747 1354 incipiat,
2781 1281 2839 1332 et
2864 1290 2948 1330 us·

640 1398 764 1460 que
795 1377 874 1439 ad
909 1373 1251 1438 terminum
1283 1374 1437 1438 anni
1469 1388 1606 1439 rato
1636 1388 1828 1460 atque
1857 1377 2236 1440 intemerato
2267 1376 2485 1440 ordine
2514 1387 2858 1459 procurrat.

1402 1853 1509 1922 ΙΙ.
1625 1851 2208 1924 Britannica.

1173 2055 1253 2115 A.
1349 2052 1747 2141 Glossae
1821 2051 2439 2123 Oxonienses.

1226 2257 1282 2318 I.
1349 2255 1689 2319 Glossae
1735 2255 1821 2317 in
1867 2254 2384 2338 Eutychium.

812 2462 1000 2543 (Cod.
1037 2459 1206 2543 prior
1238 2454 1328 2541 2⁵)
1360 2456 1846 2540 merqidkaham
1878 2459 1992 2541 (gl.
2031 2462 2387 2542 evanesco).

810 2572 931 2651 (3⁸)
967 2564 1392 2652 doquom‘isur.
1431 2564 1548 2650 (gl.
1585 2567 1756 2647 geo).

781 2809 911 2881 (32¹)
992 2811 1011 2862 1
1060 2805 1137 2874 (in
1175 2821 1345 2874 marg.
1369 2787 1580 2875 super.)
1609 2806 1757 2855 aetas
1780 2803 1935 2855 lunae
1958 2801 2072 2854 inso
2093 2803 2202 2871 soa
2232 2803 2307 2856 kz.
2337 2805 2484 2857 caich
2519 2810 2628 2859 mis
2653 2806 2705 2858 Ζα
2731 2824 2900 2875 aeyyp.
2926 2806 2946 2853 7

637 2897 745 2949 isde
769 2893 946 2963 rosaiq
971 2890 1369 2958 indnomadsor
1393 2889 1468 2941 kl.
1490 2888 1601 2941 ian.
1623 2887 1849 2940 archimz
1878 2887 2040 2958 (infra
2065 2888 2273 2960 benevb)
2349 2893 2379 2941 2
2410 2908 2465 2942 ,1.
2494 2892 2748 2945 othosuch
2773 2890 2949 2943 bliadne

639 2982 775 3051 eyip.
848 2984 877 3031 3
917 2977 1069 3030 indic.
1144 2979 1174 3027 -1
1211 2975 1339 3027 meib
1360 2975 1507 3027 na'nd
1528 2973 1773 3026 nathbeir
1842 2977 1873 3025 5
1913 2992 1969 3028 .1.
1999 2974 2184 3028 condib
2207 2977 2237 3027 ό
2260 2975 2335 3028 kl.
2364 2974 2474 3027 ian.

780 3065 1066 3135 subjungo
1102 3062 1191 3115 hic
1226 3060 1537 3132 ampliorem
1574 3059 1907 3111 notationem
1945 3059 2275 3113 hibernicam
2302 3078 2462 3131 super
2487 3062 2728 3116 dictione
2752 3063 2946 3115 chrono-

639 3151 818 3221 logica
842 3168 909 3202 ex
928 3149 1085 3202 initio
1101 3147 1320 3211 codicis,
1346 3165 1375 3199 e
1393 3146 1449 3199 3b
1471 3145 1560 3215 (cf.
1577 3164 1631 3214 p.
1653 3148 1770 3197 312.
1790 3146 1910 3216 313)
1934 3166 1947 3198 ι
1978 3146 2146 3198 Salwa
2166 3147 2371 3199 ratione
2386 3148 2574 3202 saltus.
2598 3150 2711 3202 ανιὶς
2729 3149 2946 3202 airchenn

640 3238 782 3289 mbos
805 3237 913 3288 salt
935 3234 1152 3287 hicitcnn
1177 3230 1417 3285 ndide'cdi
1431 3232 1556 3283 mad
1571 3229 1716 3282 indib
1734 3230 1928 3283 huarib
1943 3230 2066 3283 deae
2085 3233 2300 3284 namma'
2317 3231 2408 3284 bas
2424 3232 2572 3302 Iaiqu
2592 3236 2795 3288 cac-kmi
2806 3230 2950 3287 meai

639 3323 818 3374 eldaa-3
858 3319 1153 3389 trichtaiqe.
1183 3318 1295 3371 ised
1315 3317 1421 3370 clim
1444 3317 1563 3369 εἰάη
1589 3315 1766 3385 dliqed
1784 3316 1920 3368 salto
1944 3315 2235 3368 noichtiche
2258 3318 2481 3370 colleuth
2502 3319 2720 3373 dua'rim
2742 3320 2793 3372 in
2817 3320 2944 3371 cisen.

639 3407 854 3459 Armad
887 3402 1228 3457 ⁴t'arnaicm'ud
1259 3403 1555 3468 adrimther
1590 3401 1824 3454 cute-§bat
1847 3399 2346 3471 dicaehthrichtaiqi
2363 3402 2423 3454 di
2441 3403 2606 3457 Ιιαάίν
2630 3406 2753 3458 deae
2777 3409 2802 3455 7
2826 3401 2951 3455 IIII

642 3495 752 3547 bro.
784 3496 811 3543 7
849 3508 993 3560 unqu
1029 3494 1056 3541 7
1083 3495 1245 3542 aiom.
1274 3489 1517 3542 niconbt'a
1551 3488 1659 3541 salt
1692 3486 1813 3539 etir.
1845 3485 2154 3539 abscideret-h
2191 3486 2282 3540 im.
2322 3487 2481 3541 isairi
2509 3488 2557 3541 is
2581 3509 2708 3544 assu
2731 3492 2867 3543 lama
2886 3487 2945 3537 νί-

640 3576 818 3631 mairu
852 3574 1068 3628 dikua'ir
1100 3575 1224 3628 deae
1247 3593 1462 3628 namma
1485 3572 1821 3627 duthesbuith
1845 3571 2030 3641 dlzyud
2048 3572 2169 3624 sldn
2191 3574 2325 3626 salto
2350 3573 2626 3627 eonidelcen
2649 3578 2755 3629 salt
2775 3570 2943 3627 earmina

642 3661 871 3716 duslzind
905 3659 1188 3713 comedimo
1222 3659 1353 3712 irma
1387 3659 1639 3713 tesbuitlze
1674 3656 2013 3711 iarnazcniud
2032 3657 2240 3727 aslaiqu
2263 3662 2450 3712 anesca
2475 3661 2656 3713 oldoas
2683 3656 2941 3725 m'chtan'qe.

640 3747 839 3801 Ani-siu
867 3749 949 3798 troi
976 3745 1141 3798 ise'cen
1165 3738 1409 3812 r'emficar
1435 3743 1530 3796 bis.
1560 3749 1587 3796 7
1615 3743 1877 3797 emblesim

783 3881 885 3955 (2²³)
923 3882 1339 3953 merqidhaham,
1371 3881 1519 3934 verb.
1539 3882 1765 3934 denom:
1784 3888 1848 3934 ut
1871 3881 2011 3934 infra
2034 3879 2314 3950 sequentia
2336 3880 2661 3947 ἀαίοΙαΙιαηο,
2695 3880 2939 3937 οοιἸΙιααηι,

645 3989 674 4024 e
709 3970 882 4025 subst.
909 3969 1018 4040 adj.
1049 3968 1267 4038 merqt‘d,
1298 3967 1444 4038 quod
1477 3967 1749 4020 recentius
1785 3973 1868 4019 est
1902 3965 2125 4035 merydd
2150 3965 2240 4036 (cf.
2268 3984 2322 4036 p.
2356 3967 2497 4038 162),
2528 3966 2792 4030 debilitas,
2819 3961 2939 4016 debi-

641 4059 740 4122 lis,
781 4055 1055 4108 flaccidus.
1107 4053 1314 4106 Eadem
1360 4051 1515 4105 radix
1562 4058 1670 4104 vet.
1712 4052 1826 4104 hib.
1866 4068 2014 4120 merq
2049 4050 2106 4103 in
2144 4051 2280 4104 Ml..
2322 4071 2428 4105 am.
2473 4052 2585 4105 bolo
2629 4049 2861 4121 merqach
2893 4062 2938 4096 .1·

642 4144 861 4213 romqab
885 4142 1047 4195 meirc
1068 4141 1164 4192 so'n
1192 4138 1290 4210 (gl.
1315 4145 1378 4191 ut
1401 4146 1522 4191 uter
1546 4144 1902 4207 conrogatus3
1930 4137 1966 4189 i.
1989 4154 2037 4189 e.
2067 4139 2427 4208 corrugatus).
2470 4139 2555 4191 De
2580 4134 2937 4208 significatione

646 4229 872 4282 dubium
911 4245 1020 4280 non
1045 4233 1142 4291 est,
1173 4225 1520 4296 quamobrem
1544 4223 1797 4293 glossam,
1829 4217 1967 4292 quae
1992 4221 2321 4291 conspicitur
2345 4222 2401 4274 in
2427 4224 2611 4277 codice
2636 4239 2793 4293 supra
2814 4216 2934 4272 verb·

643 4316 821 4368 b'esco
850 4313 941 4384 (al.
969 4321 1220 4376 terresc0,
1251 4309 1544 4380 horresco),
1572 4306 1747 4361 refero
1783 4307 1853 4360 ad
1891 4307 2127 4377 glossam
2165 4307 2385 4361 latinam
2410 4326 2538 4362 mox
2564 4307 2934 4380 praecedentem

642 4418 890 4454 euanesco
914 4400 1167 4470 scriptam
1193 4414 1354 4467 supra
1375 4395 1524 4450 verb.
1553 4411 1766 4448 euaneo.

784 4486 879 4554 (3¹)
918 4473 1272 4555 doquo'mt'sur.
1301 4483 1358 4537 in
1395 4481 1579 4536 codice
1619 4497 1779 4551 supra
1809 4498 1923 4549 ρει).
1951 4480 2112 4545 doleo,
2142 4498 2240 4551 pro
2280 4479 2477 4550 quibus
2502 4481 2558 4534 in
2584 4479 2812 4534 editione
2832 4471 2935 4527 Lin-
