3150 5242
1233 336 1574 394 ADDENDA.
2417 333 2480 391 11
2499 331 2578 392 33

1250 554 1353 615 Ad
1384 554 1467 616 V.
1507 559 1569 614 2.

416 709 493 770 P.
534 712 680 781 837,
716 705 761 767 l.
805 709 904 766 12.
971 704 1232 767 Nexum
1275 702 1443 766 inter
1473 712 1601 771 ate·
1633 716 1696 767 et
1726 707 1918 769 ande·
1949 716 2264 769 statutum
2294 726 2580 787 compro-

237 815 399 875 bant
428 811 778 896 particulae
801 810 1115 893 gothicae,
1148 810 1518 893 separabilis
1550 810 1644 874 itk
1671 814 1969 892 (contra),
2001 811 2453 894 inseparabiles
2485 811 2581 873 id-

197 958 202 961 -
237 921 393 999 (re-)
426 927 490 979 et
532 919 714 979 amb.
781 917 906 979 Illa
946 917 1300 979 secundum
1343 937 1530 978 sonos
1574 916 1745 978 idem
1790 928 1887 979 est
1932 919 2102 999 quod
2132 918 2285 999 gall.
2323 926 2473 993 ate-,
2510 917 2577 979 in

235 1021 705 1104 significatione
751 1032 967 1084 autem
1010 1021 1180 1083 idem
1224 1043 1297 1083 ac
1340 1022 1495 1104 gall.
1533 1023 1749 1097 ande-,
1799 1021 2047 1084 hibern.
2088 1022 2231 1085 ind·
2263 1028 2355 1106 (p.
2395 1028 2572 1104 848),

234 1150 402 1211 quae
448 1150 595 1190 cum
638 1127 817 1210 goth.
855 1128 1013 1190 and·
1054 1137 1150 1189 est
1180 1126 1374 1215 juxta
1416 1149 1512 1209 gr.
1550 1120 1718 1206 ἄντί,
1753 1138 1827 1189 ut
1865 1128 2046 1210 goth.
2083 1128 2179 1191 id·
2199 1128 2392 1211 juxta
2424 1137 2575 1191 ate-.

411 1236 490 1299 P.
523 1238 669 1309 842,
699 1233 744 1295 l.
781 1240 881 1295 10.
934 1217 1301 1310 Quaeritur,
1331 1255 1415 1296 an
1439 1232 1642 1296 forma
1664 1232 2014 1317 composita
2037 1255 2178 1296 oon·
2208 1233 2402 1297 etiam
2432 1244 2583 1296 ante

232 1339 503 1402 infectas
537 1349 760 1402 tenues
792 1338 1098 1402 obtineat.
1163 1339 1490 1421 Frequens
1521 1362 1756 1403 nomen
1796 1338 2159 1403 Gonohobor
2189 1341 2457 1421 (Conor)
2489 1339 2581 1403 ita

232 1444 550 1527 scriptum
589 1447 768 1508 adest
808 1444 876 1506 in
924 1445 1136 1507 codice
1167 1443 1447 1507 Mariani
1479 1444 1656 1509 Scoti
1699 1444 1868 1507 inter
1896 1444 2158 1507 nomina
2186 1467 2409 1529 regum
2441 1447 2572 1528 (ap.

232 1553 449 1616 PertZ.
486 1559 544 1627 7,
578 1554 752 1632 556),
789 1550 1211 1613 Gonckubkar
1238 1550 1309 1611 in
1338 1551 1703 1613 narratione
1727 1561 1978 1613 vetusta
2009 1552 2086 1612 de
2116 1551 2265 1613 filiis
2292 1550 2578 1614 Usnechi

232 1656 533 1739 (O’Flan.
582 1681 648 1741 p.
691 1663 792 1718 16.
836 1658 1006 1736 146).
1072 1655 1367 1719 Occurrit
1412 1656 1670 1739 quidem
1713 1656 1783 1718 in
1828 1658 1979 1719 Wb.
2019 1661 2123 1718 30⁰
2165 1657 2583 1720 oonoheckrat

231 1767 330 1846 (p.
369 1765 546 1843 495),
583 1764 694 1824 sed
736 1785 877 1825 con·
907 1761 978 1824 in
1023 1762 1238 1853 codice
1280 1761 1588 1844 scriptum
1621 1772 1718 1824 est
1749 1761 1907 1845 sigla
1936 1784 1992 1839 0,
2031 1784 2192 1845 quae
2222 1762 2351 1846 legi
2380 1762 2580 1845 possit

230 1867 429 1931 etiam
460 1889 643 1943 com-,
681 1891 801 1930 oo-.

407 1976 484 2037 P.
526 1981 671 2050 846,
708 1974 753 2035 l.
795 1979 897 2035 28.
961 1974 1171 2036 Aucta
1210 1972 1410 2036 forma
1455 1973 1648 2036 ἰάνθη-
1691 1973 1760 2036 in
1803 1974 1913 2056 Sg.
1954 1971 2050 2036 3¹³:
2101 1971 2575 2037 anasniarmui-

232 2079 453 2162 diytke
485 2079 599 2162 (gl.
638 2078 991 2162 postposita
1020 2102 1072 2155 r,
1109 2079 1236 2141 abl.
1275 2079 1516 2154 absol.;
1567 2079 1613 2140 i.
1652 2101 1708 2141 e.
1761 2079 1816 2142 si
1860 2091 1956 2143 est
1986 2091 2225 2162 postp.,
2262 2111 2349 2131 =
2380 2077 2577 2142 iarm-

228 2184 607 2268 suidiytke).
737 2174 740 2177 ¹
1329 2210 1336 2216 ·
2489 2249 2493 2255 ,

410 2293 487 2353 Ρ.
526 2296 686 2367 847,
734 2291 779 2352 l.
833 2298 936 2352 30.
1010 2289 1141 2352 Vix
1202 2288 1618 2351 infitiandum
1665 2300 1879 2352 tamen
1924 2289 2192 2352 actionis
2238 2288 2577 2352 reflexivae

229 2395 629 2479 significatae
675 2395 988 2479 particula
1032 2394 1160 2457 im·
1192 2395 1557 2477 exemplum
1603 2405 1699 2457 est
1744 2394 2067 2479 imyabim,
2119 2393 2574 2477 immimyabim

230 2502 419 2585 (vito,
454 2524 520 2585 p.
560 2504 737 2583 855),
773 2500 817 2562 i.
854 2484 913 2562 e.
950 2499 1182 2583 recipio
1225 2522 1351 2576 me,
1391 2499 1446 2562 si
1486 2498 1809 2563 confertur
1853 2523 2012 2564 arm.
2049 2508 2358 2564 emtemzet
2385 2509 2449 2561 et
2480 2521 2575 2562 em

228 2630 330 2672 em
365 2590 695 2691 temnet-(p.
735 2610 910 2689 871).

407 2716 485 2776 Ρ.
525 2720 690 2790 869,
742 2713 787 2774 l.
827 2719 887 2774 9.
956 2710 1231 2795 Scriptio
1272 2711 1505 2774 codicis
1551 2712 1764 2775 Oxon.
1816 2733 1963 2774 cum
2005 2712 2174 2773 clara
2215 2710 2332 2786 sit,
2383 2710 2577 2773 etiam

228 2819 543 2882 hodierna
601 2819 802 2882 forma
860 2819 1147 2902 ejusdem
1185 2815 1389 2892 vociS,
1440 2819 1643 2880 subst.
1692 2816 1992 2892 amnaid,
2040 2816 2130 2898 pl.
2182 2815 2573 2891 amneidiau,

227 2926 405 2988 verb.
442 2924 843 3000 amneidiaw,
881 2933 1306 2987 transmutata
1334 2921 1608 2985 videtur.

1220 3102 1323 3173 Ad
1364 3111 1483 3173 VI.
1525 3115 1585 3171 2.

405 3266 484 3326 P.
524 3268 672 3340 912,
709 3266 789 3327 ad
834 3264 1032 3325 finem
1073 3272 1284 3324 notae.
1351 3261 1543 3324 Vocis
1587 3259 1847 3323 celticae
1878 3260 2002 3322 rim
2036 3261 2395 3341 (numerus)
2427 3258 2577 3322 faci-

225 3369 308 3431 lis
354 3378 522 3430 certe
567 3368 692 3432 fuit
738 3368 1109 3431 commixtio
1154 3388 1299 3429 cum
1341 3388 1568 3449 graeca
1613 3356 1894 3451 ῥυθμός,
1929 3386 2091 3447 quae
2137 3364 2425 3446 quamvis
2457 3363 2580 3426 fuit

225 3474 478 3536 diversa
520 3496 557 3537 a
585 3461 750 3538 ⁸voce
789 3467 1106 3559 ἀριθμός,
1140 3483 1361 3535 tamen
1392 3472 1594 3535 latina
1623 3492 1775 3535 voce
1806 3492 2104 3534 numerus
2137 3469 2331 3532 etiam
2359 3471 2578 3531 redde-

225 3580 438 3654 batur,
475 3588 539 3640 et
580 3579 783 3643 facilis
815 3579 1112 3661 deinceps
1144 3577 1341 3640 etiam
1373 3576 1704 3640 translatio
1735 3599 1774 3639 a
1805 3575 2270 3659 significatione
2304 3584 2577 3638 structu-

222 3706 331 3746 rae
354 3683 652 3768 poeticae,
663 3684 744 3745 ad
768 3683 1303 3766 significationem
1318 3692 1580 3748 ornatus
1597 3682 1883 3766 ejusdem
1901 3693 2280 3745 structurae.
2322 3679 2579 3763 Rhyth-

225 3788 393 3851 mica
433 3788 718 3852 carmina
747 3789 921 3852 enim
952 3810 1066 3872 per
1095 3788 1383 3874 medium
1413 3809 1642 3850 aevum
1673 3788 1976 3852 dicuntur
2007 3787 2290 3851 carmina
2320 3785 2579 3848 celticae

225 3905 608 3970 structurae,
646 3894 997 3977 composita
1043 3895 1331 3959 versibus
1377 3892 1531 3956 certi
1582 3894 1972 3976 syllabarum
2018 3893 2272 3956 numeri
2303 3914 2450 3955 cum
2482 3913 2580 3954 as·

224 3998 544 4075 sonantia,
581 3999 845 4062 metrica
886 4010 1106 4062 autem
1148 3999 1368 4062 latinis
1414 3998 1633 4061 metris
1668 3997 2038 4081 composita,
2077 4009 2151 4061 ut
2169 3999 2307 4082 jam
2336 4007 2514 4082 patet
2543 4018 2577 4058 e

224 4104 477 4169 diaconi
509 4105 637 4167 Lul
684 4105 1241 4189 epistola,.quarta
1285 4104 1453 4167 inter
1484 4103 1916 4167 Bonificianas
1965 4106 2065 4166 ed.
2105 4103 2312 4167 Serar.
2343 4126 2357 4165 z
2399 4096 2584 4165 “Ob-

228 4229 425 4286 secr0,
457 4220 532 4272 ut
561 4209 726 4272 mihi
748 4210 1075 4273 Aldhelmi
1099 4209 1380 4293 episcopi
1403 4210 1619 4292 aliqua
1642 4210 1949 4292 opuscula
1977 4231 2091 4272 seu
2113 4230 2444 4292 prosarum
2468 4229 2581 4270 seu

227 4325 669 4378 metrorum
714 4325 857 4377 aut
900 4314 1505 4399 rythmicorum
1549 4315 1819 4397 dirigere
1862 4313 2143 4397 digneris
2188 4316 2268 4376 ad
2300 4312 2583 4377 consola·

229 4421 471 4484 tionem
518 4419 1055 4503 peregrinationis
1088 4442 1267 4482 meae
1299 4430 1363 4482 et
1393 4421 1472 4482 ob
1502 4419 1873 4498 memoriam
1903 4420 2104 4503 ipsius
2134 4419 2304 4483 beati
2336 4418 2586 4482 antisti-
