3150 5242
685 402 811 465 918
1120 406 1242 469 VI.
1282 410 1342 468 2.
1407 427 1853 471 coNs'rRuc‘mo
1884 427 2163 472 Pom-ma
2197 428 2587 473 HIBERNICA.

863 573 1254 638 Assonantia
1316 586 1413 639 est
1479 575 1586 641 hic
1639 576 2032 661 copulativa,
2095 600 2294 661 eaque
2348 577 2582 663 duplex
2598 627 2617 654 ,
2676 577 2743 641 in
2804 579 2979 662 prima

696 678 988 761 stropha,
1039 680 1467 764 contraposita
1517 682 1588 744 in
1640 685 1942 749 secunda.
2018 684 2409 751 Assonantia
2456 684 2662 748 finalis
2711 684 2983 768 bisyllaba

694 806 880 866 porro
914 784 985 847 in
1015 786 1155 849 aliis
1184 786 1464 870 hymnis,
1501 809 1772 871 quorum
1802 799 2020 853 auctor
2046 789 2494 854 vetustissimis
2524 791 2878 855 testimoniis
2904 813 2981 855 as·

696 889 927 955 seritur
956 892 1333 956 Ambrosius
1362 893 1472 974 (cf.
1507 893 1826 958 editorum
1854 894 2354 960 admonitionem
2380 896 2453 959 in
2479 897 2792 981 hymnos),
2825 919 2874 960 e.
2901 919 2979 981 gr.

697 994 767 1058 in
797 996 988 1079 primi
1017 999 1277 1081 stropha
1307 1010 1521 1063 sexta:

983 1122 1154 1178 Gallo
1186 1130 1427 1181 canente
1466 1122 1476 1198 Ι
1516 1142 1652 1198 spes
1681 1124 1851 1195 redit,
1893 1118 1914 1206 ΙΙ
1949 1126 2136 1201 aegris
2175 1120 2184 1208 Ι
2224 1127 2383 1184 salus
2412 1125 2756 1197 refunditur,

984 1225 1193 1281 Mucro
1232 1225 1243 1301 Ι
1280 1226 1522 1283 latronis
1555 1225 1845 1296 conditur,
1887 1220 1908 1307 fl
1977 1226 1988 1301 Ι
2026 1227 2208 1303 lapsis
2237 1230 2383 1286 fides
2411 1228 2738 1286 revertitur.

867 1336 1075 1401 Immo
1121 1339 1482 1424 trisyllabae
1525 1339 1925 1403 assonantiae
1966 1341 2249 1405 finientis
2287 1363 2405 1404 nec
2446 1364 2580 1404 non
2608 1341 2838 1405 mediae
2864 1350 2987 1404 sunt

698 1444 989 1527 exempla
1018 1445 1119 1507 vel
1148 1446 1439 1529 vestigia,
1475 1467 1531 1508 e.
1567 1460 1674 1529 gr:
1700 1445 1770 1507 in
1801 1446 2010 1528 quarti
2041 1449 2319 1510 secunda
2349 1448 2641 1531 stropha=

869 1570 1009 1631 Non
1039 1588 1112 1626 ex
1140 1569 1292 1626 virili
1329 1567 1340 1642 Ι
1380 1569 1608 1639 semine,
1650 1562 1672 1651 ΙΙ
1706 1571 1809 1626 sed
1838 1570 2084 1644 mystico
2124 1568 2134 1645 Ι
2174 1571 2482 1645 spiramine

872 1664 880 1750 Ι
913 1672 1175 1729 Verbum
1205 1670 1299 1727 dei
1337 1671 1348 1746 Ι
1386 1672 1607 1729 factum
1636 1690 1768 1728 caro
1799 1666 1823 1753 ΙΙ
1892 1671 1902 1748 Ι
1940 1673 2281 1747 fructusque
2321 1666 2329 1753 Ι
2368 1673 2590 1730 ventris
2629 1673 2639 1750 Ι
2676 1673 2874 1731 floruit.

871 1785 953 1845 In
984 1784 1196 1869 quinti
1225 1784 1451 1869 hymni
1482 1795 1696 1848 sexta:

916 1907 1011 1965 Sic
1052 1901 1059 1990 Ι
1099 1908 1359 1987 quinque
1388 1909 1648 1969 millibus
1677 1908 1815 1968 viris
1846 1903 1868 1991 ΙΙ
1901 1910 2041 1966 dum
2080 1903 2088 1989 Ι
2127 1910 2385 1985 quinque
2415 1929 2602 1985 panes
2632 1910 2846 1980 dividia

912 2009 1223 2067 Edentium
1254 2012 1363 2069 sub
1395 2010 1651 2073 dentibus
1684 2004 1705 2092 ΙΙ
1737 2012 1798 2068 in
1828 2031 1926 2068 ore
1966 2006 1974 2092 Ι
2015 2013 2309 2069 crescebat
2347 2005 2355 2092 Ι
2396 2011 2579 2069 cibus,

871 2123 954 2184 In
984 2123 1241 2207 septimi
1272 2124 1459 2188 tertia
1488 2135 1552 2191 et
1583 2135 1807 2206 quarta
1837 2126 2128 2208 stropha:

917 2241 925 2323 Ι
974 2247 1131 2304 Votis
1173 2241 1183 2327 Ι
1221 2267 1481 2304 vocemus
1513 2254 1572 2304 et
1599 2254 1836 2324 patrem,
1878 2242 1900 2327 ΙΙ
1972 2242 1980 2328 Ι
2017 2255 2234 2324 patrem
2272 2248 2282 2322 Ι
2320 2249 2589 2324 perennis
2620 2249 2843 2326 gloriae,

919 2343 926 2428 Ι
961 2351 1186 2406 Patrem
1226 2343 1236 2428 Ι
1272 2349 1522 2424 potentis
1552 2350 1790 2425 gratiae,
1832 2343 1854 2429 ΙΙ
1888 2350 2120 2425 culpam
2148 2370 2211 2408 re
2229 2346 2407 2430 {leget
2444 2346 2454 2432 Ι
2493 2352 2791 2413 lubricam.

918 2445 926 2529 Ι
959 2450 1245 2507 Informet
1282 2447 1292 2524 Ι
1330 2456 1495 2509 actus
1528 2457 1810 2520 sti-enum,
1852 2445 1873 2531 ΙΙ
1907 2452 2105 2511 dentes
2134 2454 2402 2511 retundat
2432 2453 2637 2524 invidi,

919 2556 1109 2611 Casus
1140 2553 1417 2611 secundet
1446 2572 1705 2630 asperoS,
1747 2546 1768 2636 ΙΙ
1801 2554 1974 2610 donet
2012 2548 2021 2636 Ι
2060 2554 2289 2630 gerendi
2329 2548 2337 2635 Ι
2376 2555 2644 2632 gratiam.

874 2689 957 2751 In
996 2688 1098 2752 his
1141 2699 1389 2773 praeter
1431 2689 1699 2769 formam
1727 2700 2053 2752 externam
2082 2687 2477 2772 incognitam
2505 2689 2709 2772 poetis
2740 2686 2987 2750 classicae

701 2793 1038 2857 vetustatis
1081 2805 1146 2857 et
1185 2795 1585 2878 peregrinam
1627 2793 1816 2871 certe,
1854 2816 2016 2877 quae
2059 2796 2239 2882 adest
2280 2794 2455 2857 haud
2497 2794 2711 2871 dubie,
2747 2790 2987 2878 quamvis

701 2910 777 2962 ut
821 2899 1119 2963 additicia
1159 2900 1306 2983 plus
1350 2901 1455 2964 vel
1496 2900 1710 2963 minus
1743 2902 2094 2975 observata,
2129 2899 2494 2962 dominatur
2528 2901 2732 2963 adhuc
2759 2909 2986 2962 metrum

701 3005 978 3069 latinum
1020 3016 1085 3070 et
1128 3006 1513 3091 syllabarum
1552 3005 1900 3089 quantitas,
1967 3005 2094 3069 Sed
2137 3005 2341 3089 magis
2385 3005 2741 3069 inauditam
2768 3007 2984 3068 formam

703 3113 920 3188 offert,
969 3134 1201 3178 novam
1255 3111 1438 3194 quasi
1496 3122 1728 3180 terram
1770 3111 1973 3195 aperit
2013 3131 2378 3193 novumque
2420 3133 2651 3178 aevum
2693 3109 2983 3178 annuntiat

701 3220 986 3301 psalmus
1018 3218 1420 3282 abecedarius
1454 3218 1523 3281 S.
1557 3217 1910 3301 Augustini
1940 3217 2220 3301 episcopi
2250 3217 2696 3300 Hipponensis
2722 3218 2787 3280 in
2813 3215 2982 3282 Africa

704 3325 888 3406 (obiit
918 3348 976 3388 a.
1010 3329 1186 3407 430),
1216 3327 1326 3389 sed
1357 3324 1468 3408 qui
1497 3347 1611 3408 per
1638 3324 1852 3407 plures
1884 3345 2084 3386 annos
2108 3322 2461 3386 Mediolani
2490 3324 2854 3396 rhetoricam
2874 3341 2981 3406 pro-

699 3433 1021 3496 fitebatur.
1074 3433 1313 3496 Contra
1341 3429 1713 3494 Donatistas
1742 3428 1944 3512 ipsius
1975 3428 2322 3492 humillimi
2351 3429 2530 3512 vulgi
2561 3452 2767 3506 causa,
2795 3439 2859 3492 ut
2880 3426 2982 3508 ipse

701 3539 879 3616 dicit,
917 3538 1190 3623 scriptus
1224 3547 1321 3599 est
1348 3536 1656 3621 psalmuS.
1720 3536 1802 3602 Iu
1833 3535 1954 3600 hoc
1983 3556 2170 3602 omne
2198 3547 2474 3601 metrum
2503 3547 2570 3600 et
2599 3543 2797 3601 omnis
2824 3552 2980 3617 quan-

701 3644 850 3707 titas
893 3644 1305 3719 desideratur‚
1342 3644 1521 3706 adest
1561 3640 1821 3704 nonnisi
1862 3642 2230 3705 assonantia
2272 3664 2421 3705 cum
2449 3653 2621 3705 certo
2652 3642 2981 3725 syllabarum

699 3772 989 3813 numero.
1007 3749 1040 3783 ¹*
1087 3749 1311 3817 Quivis
1336 3770 1553 3813 versus
1575 3747 1728 3810 bina
1749 3749 2032 3810 membra
2054 3746 2361 3828 continet,
2392 3748 2660 3832 quodvis
2682 3746 2980 3810 membrum

837 4012 865 4039 ⁸*
892 4011 1226 4082 SyUabarum
1248 4018 1425 4065 certus
1449 4028 1706 4065 numerus
1731 4028 1827 4081 per
1851 4028 1910 4063 se
1924 4010 2039 4081 jam
2064 4011 2211 4081 apud
2234 4011 2403 4065 Indos
2428 4011 2696 4081 generalis
2718 4010 2872 4062 forma
2884 4002 2978 4072 Ρῠὲ·

699 4097 809 4150 tica
848 4104 946 4161 est,
976 4096 1219 4166 quamvis
1258 4096 1315 4148 in
1353 4113 1537 4149 eorum
1572 4103 1789 4150 vetusta
1823 4095 2015 4165 lingua
2038 4096 2358 4165 quantitatis
2383 4097 2469 4150 vel
2493 4096 2760 4150 vocalium
2782 4086 2977 4145 brevium

700 4190 755 4235 et
777 4182 1064 4252 longarum
1090 4182 1161 4235 sit
1183 4182 1419 4251 perfecta
1445 4180 1742 4233 distinctio.
1783 4181 2011 4234 Versum
2038 4181 2202 4233 etiam
2225 4181 2371 4250 apud
2394 4181 2495 4233 hos
2520 4181 2631 4234 duo
2649 4178 2868 4234 membra
2884 4185 2976 4224 con·

697 4267 951 4330 stitunnt,
994 4267 1103 4319 duo
1124 4283 1323 4319 -versus
1359 4266 1650 4330 distichon,
1682 4267 1829 4337 quod
1868 4266 2058 4319 dicunt
2093 4267 2308 4318 sloczem.
2359 4265 2559 4318 Versus
2598 4265 2778 4335 epicus
2810 4253 2977 4311 brevior

696 4350 888 4403 ceteris
925 4357 981 4403 et
1014 4350 1416 4415 usitatissimus,
1447 4367 1554 4421 quo
1592 4351 1889 4403 carminum
1926 4351 2201 4422 epicorum
2235 4350 2428 4421 ingens
2468 4351 2638 4404 moles
2678 4343 2912 4402 decurrit,
2934 4335 2975 4387 5¹¹

694 4435 886 4504 quovis
921 4435 1161 4488 membro
1198 4444 1321 4489 octo
1359 4435 1591 4506 syllabas
1628 4435 1898 4505 postulat3
1941 4437 2124 4506 plures
2157 4437 2215 4489 in
2252 4436 2372 4489 aliis
2407 4437 2702 4490 carminum
2735 4424 2974 4503 generibus

691 4537 1013 4591 componere
1047 4523 1225 4575 solent
1262 4525 1451 4592 po‘etae
1486 4539 1587 4592 pro
1623 4520 1845 4574 arbitrio
1880 4540 1981 4575 suo
2013 4522 2349 4593 plerumque,
2379 4540 2426 4575 e.
2455 4540 2538 4592 gr.
2565 4511 2902 4575 Bhartriharis
2931 4504 2973 4558 5¹¹
