3150 5242
624 369 750 428 922
870 370 875 376 ’
1050 371 1170 434 VI.
1210 375 1267 432 2.
1334 391 1779 434 coNs'arc'rlo
1811 390 2085 433 Pos'rch
2120 390 2513 433 mmmmm.

797 544 937 600 165.
992 544 1111 607 Qui
1150 539 1157 625 Ι
1196 545 1424 602 modica
1453 543 1678 620 spernit
1714 537 1722 625 Ι
1760 543 1975 600 minuit
2010 543 2020 620 Ι
2056 544 2279 618 majora
2303 562 2408 618 per
2436 545 2632 600 horas.

748 732 751 733 ⁷
796 647 936 703 170.
992 640 998 725 Ι
1035 647 1149 704 Cui
1177 653 1399 704 secreta
1428 646 1664 720 quidem
1703 639 1713 726 Ι
1752 645 1952 702 credas
1991 644 2002 721 Ι
2040 645 2369 703 cautissime
2405 644 2416 722 Ι
2455 663 2639 706 cerne.
2662 639 2695 672 *

787 775 1086 859 Aspirata
1115 775 1157 838 h
1181 796 1312 837 non
1335 786 1431 838 est
1453 796 1768 839 consonae
1790 776 1950 851 loce,
1981 777 2091 838 sed
2113 774 2314 838 vocali
2337 774 2619 858 aequalis
2642 773 2943 836 habetur:

795 921 935 977 160.
989 923 1276 994 Tempora
1305 920 1445 975 dum
1474 919 1716 988 variant,
1765 912 1775 1000 Ι
1814 920 2037 976 animus
2068 920 2144 976 sit
2174 939 2400 994 semper
2441 913 2449 999 Ι
2487 920 2791 974 honestus.

795 1022 937 1078 179.
991 1017 999 1100 Ι
1033 1024 1267 1078 Aurum
1294 1022 1527 1077 flamma
1553 1023 1780 1095 probat,
1827 1020 1837 1097 Ι
1875 1022 2131 1078 homines
2161 1020 2406 1078 tentatio
2428 1020 2639 1094 justos.

790 1158 993 1220 Juxta
1037 1165 1366 1218 externam
1410 1148 1748 1236 utramque
1792 1154 2224 1220 assonantiam
2263 1175 2397 1216 non
2426 1155 2603 1217 deest
2633 1154 2833 1217 etiam
2863 1153 2950 1215 in·

618 1271 830 1325 terna:

836 1386 940 1442 49.
991 1384 1249 1443 Plurima
1279 1384 1523 1443 discenti
1556 1384 1567 1460 Ι
1608 1406 1828 1461 semper
1867 1379 1875 1467 Ι
1916 1383 2193 1460 sapientia
2222 1381 2447 1440 crescit.

832 1489 934 1545 59.
986 1490 1237 1544 Tantum
1277 1481 1284 1567 Ι
1324 1489 1499 1545 verba
1535 1488 1546 1564 Ι
1583 1488 1774 1545 valent
1800 1495 2081 1563 quantum
2109 1505 2266 1561 mezzs
2295 1484 2499 1543 sentiat
2527 1484 2648 1541 illa.

838 1589 940 1644 61.
990 1591 1129 1646 Non
1159 1590 1269 1646 erit
1307 1584 1315 1671 Ι
1354 1591 1594 1665 antiquo
1625 1610 1808 1647 novus
1846 1583 1856 1671 Ι
1895 1589 2300 1646 anteferendus
2330 1587 2566 1644 amicus.

839 1693 940 1748 73.
991 1690 1191 1748 Vitam
1221 1691 1438 1767 quippe
1478 1686 1486 1772 Ι
1528 1699 1685 1748 tuam
1723 1688 1733 1765 Ι
1774 1698 1889 1747 tota
1916 1691 2124 1746 virtute
2164 1684 2172 1769 Ι
2216 1698 2393 1747 tuere.

799 1794 941 1849 137.
996 1793 1086 1850 Sit
1123 1785 1133 1873 Ι
1171 1793 1278 1849 tibi
1308 1813 1446 1850 cura
1484 1793 1495 1870 Ι
1535 1800 1665 1851 tuae
1702 1791 1715 1867 Ι
1754 1801 1869 1850 tota
1898 1792 2108 1851 virtute
2137 1791 2363 1848 salutis.

792 1921 1118 1985 Assonant
1158 1922 1352 1986 etiam
1395 1923 1464 1986 in
1509 1923 1635 1999 his,
1671 1932 1747 1985 ut
1788 1921 1857 1984 in
1902 1919 2244 1983 hibernicis
2276 1919 2606 2004 exemplis,
2642 1941 2949 1983 consonae

622 2027 994 2091 inchoantes
1024 2028 1304 2091 radicem
1331 2039 1476 2153 post
1505 2027 1898 2112 particulas
1879 2049 1948 2089 1n
1980 2021 2375 2109 compositis·

801 2173 942 2230 128.
1000 2167 1007 2253 Ι
1045 2174 1329 2249 Semper
1312 2193 1375 2230 m
1405 2192 1502 2229 ore
1534 2179 1637 2230 tuo
1666 2167 1979 2252 relsonent
2007 2171 2161 2227 bona
2189 2171 2364 2227 verba
2402 2163 2412 2250 Ι
2451 2170 2679 2226 salutiS.

803 2278 943 2333 154.
997 2276 1270 2350 Corporis
1301 2275 1585 2331 auxilium
1624 2267 1634 2355 Ι
1671 2273 1896 2330 medico
1925 2266 2231 2352 perimitte
2261 2270 2440 2329 fideli.

802 2378 944 2432 174.
1000 2372 1326 2456 Oblservat
1363 2376 1373 2452 Ι
1413 2377 1646 2450 sapiens
1686 2374 1697 2450 Ι
1736 2375 1847 2431 sibi
1876 2382 2108 2449 tempus
2139 2373 2202 2430 in
2231 2393 2328 2430 ore
2358 2372 2657 2446 loquendi,

804 2481 944 2535 175.
995 2472 1326 2558 Inlsipiens
1355 2479 1620 2552 loquitur
1656 2475 1666 2551 Ι
1707 2483 1968 2551 spretum
2007 2469 2016 2555 Ι
2055 2474 2181 2531 sine
2211 2480 2470 2549 tempore
2501 2474 2765 2530 verbum.

776 2614 878 2676 In
909 2613 1010 2676 his
1043 2612 1339 2677 omnibus
1371 2610 1735 2677 assonantia
1765 2609 1975 2675 finalis
2008 2620 2103 2674 est
2133 2602 2604 2693 monosyllaba3
2641 2608 2835 2672 rarior
2862 2618 2946 2670 est

624 2720 966 2804 bisyllaba.

844 2846 944 2901 36.
993 2847 1133 2901 Non
1169 2842 1179 2918 Ι
1218 2843 1420 2918 opibus
1449 2845 1603 2900 bona
1633 2841 1787 2914 fama
1817 2842 2010 2910 datur,
2045 2841 2156 2897 sed
2180 2839 2433 2897 moribus
2473 2832 2481 2919 Ι
2521 2838 2713 2895 almis,

847 2949 948 3008 74.
1002 2940 1009 3025 Ι
1047 2945 1260 3002 Omnia
1288 2964 1394 3019 pro
1424 2945 1542 3001 vita
1573 2950 1713 3000 sunt
1750 2942 1760 3018 Ι
1799 2942 2109 3000 amittenda
2140 2944 2370 2999 tuenda.

811 3049 952 3106 192.
1009 3042 1013 3126 Ι
1053 3046 1338 3105 Omnibus
1368 3052 1460 3102 est
1496 3044 1507 3120 Ι
1545 3043 1750 3120 opibus
1788 3044 1802 3121 Ι
1836 3046 2041 3101 melior
2068 3045 2156 3100 vir
2194 3037 2203 3124 Ι
2242 3048 2437 3099 mente
2468 3043 2680 3099 fidelis.

802 3153 946 3210 207.
997 3148 1215 3224 Diliqit
1249 3142 1257 3228 Ι
1295 3148 1391 3205 hic
1421 3152 1642 3215 natum,
1679 3147 1841 3220 virga
1871 3146 1972 3220 qui
2002 3144 2241 3220 corriyit
2274 3143 2288 3220 Ι
2323 3146 2508 3202 illum.

800 3287 920 3349 Est
950 3284 1144 3348 etiam
1173 3282 1539 3347 assonantia
1566 3280 1779 3344 finalis
1804 3279 2164 3363 copulativa
2187 3301 2319 3341 una
2341 3301 2488 3341 cum
2510 3279 2778 3357 laterali,
2808 3280 2935 3342 item

630 3391 839 3456 media
867 3392 936 3454 in
966 3391 1251 3457 versibus
1283 3389 1393 3472 qui
1421 3387 1725 3473 prooemii
1755 3388 1893 3449 loco
1925 3397 2076 3449 sunt
2106 3385 2177 3447 in
2204 3384 2624 3461 monosticha,
2662 3393 2848 3447 1—5:

974 3531 981 3616 Ι
1016 3539 1190 3593 Haec.
1211 3540 1521 3609 praecepta
1548 3533 1711 3608 legat
1737 3534 1982 3590 devotus
2013 3537 2072 3589 et
2109 3523 2119 3611 Ι
2157 3530 2401 3605 impleat
2436 3528 2446 3605 Ι
2485 3534 2639 3599 actu,

893 3635 900 3718 Ι
932 3640 1230 3717 Virtutum
1262 3636 1446 3693 titulis
1485 3637 1497 3713 Ι
1532 3637 1714 3693 vitam
1743 3636 1846 3710 qui
1875 3633 2108 3708 quaerit
2129 3634 2459 3701 honestam,

889 3742 1002 3800 Vel
1042 3734 1052 3821 Ι
1088 3739 1359 3796 homines
1386 3740 1538 3796 inter
1568 3739 1768 3813 cupiat
1790 3737 2122 3813 praeclarus
2160 3733 2174 3809 Ι
2208 3733 2430 3803 haberi,

887 3837 1001 3903 Ve]
1040 3835 1048 3923 Ι
1087 3860 1314 3899 morum
1352 3834 1361 3921 Ι
1399 3840 1619 3898 meritis
1648 3839 1926 3897 coelestia
1950 3858 2131 3913 regna
2167 3830 2175 3918 Ι
2216 3834 2437 3905 mereri,

891 3948 1092 4019 Atque
1123 3946 1235 4001 deo
1267 3944 1501 4000 Christo
1539 3941 1551 4017 Ι
1591 3942 1783 3999 socius
1823 3935 1832 4022 Ι
1872 3941 1994 3998 sine
2021 3940 2138 3997 fine
2164 3937 2367 3995 videri.

965 4118 1053 4125 ——.

773 4220 916 4272 *In
952 4219 1052 4271 hac
1091 4217 1387 4281 sententia,
1429 4187 1566 4287 quae
1603 4217 1765 4270 etiam
1806 4214 2088 4269 Germanis
2126 4210 2470 4284 proverbium
2504 4216 2588 4263 est
2629 4209 2764 4279 (trau
2799 4204 2933 4257 schau

636 4323 770 4359 wem
789 4305 849 4374 1),
870 4304 916 4357 si
940 4309 1185 4356 accurate
1210 4302 1514 4373 inspicitur,
1535 4319 1779 4372 quaeque
1803 4319 1911 4355 vox
1935 4298 2298 4353 assonantiam
2322 4294 2585 4348 initialem
2605 4293 2770 4347 offert.
2808 4288 2934 4342 Licet

638 4391 781 4445 enim
819 4375 981 4443 etiam
1015 4389 1229 4460 signare
1252 4388 1504 4458 selcreta,
1535 4395 1598 4440 ut
1622 4406 1650 4440 e
1675 4404 1801 4439 mox
1827 4383 2178 4456 sequentibus
2204 4379 2464 4451 exemplis
2489 4387 2657 4450 patet,
2686 4384 2738 4432 et
2759 4372 2934 4446 quidem

635 4494 744 4529 non
771 4475 951 4529 differt
973 4494 1005 4528 a
1029 4474 1245 4528 cuidem·
