3150 5242
597 376 720 439 VI.
757 380 817 437 2.
879 396 1323 440 coNs'rchTlo
1355 396 1632 441 ΡοΕΤΙοΑ
1666 395 2097 440 mu'rANMCA.
2389 376 2503 436 961

481 536 616 606 Eiza
646 572 721 607 vn
750 551 994 607 lowarch
1024 572 1111 608 ese
1146 546 1165 633 ss
1201 552 1275 608 ha
1301 573 1457 628 ymno
1491 552 1627 628 byth
1661 554 1713 608 io
1732 572 1920 625 parys

478 652 608 709 Den
636 675 847 712 marom
877 674 982 729 ray
1013 674 1201 710 rec-eve
1235 649 1256 735 u
1290 655 1514 730 newytk
1533 674 1721 730 par-ys
1752 652 1929 730 nynia
1961 672 2096 726 usys

484 754 643 832 Corf
660 756 825 813 Jesus
863 755 1061 813 Christ
1083 755 1350 831 yntretlce
1385 749 1404 836 ss
1443 756 1570 812 then
1604 756 1777 830 loyell
1802 776 1837 810 a
1867 775 1930 810 ve
1959 753 2115 827 deqis

475 857 617 933 Hay
649 878 685 912 a
713 858 848 933 heys
880 858 969 914 the
998 858 1272 913 crowethe
1306 851 1327 937 ss
1356 878 1472 933 yno
1504 860 1641 932 effa
1673 878 1735 913 ve
1756 875 1946 931 qesys.
1969 852 2000 885 *

198 996 511 1084 “Josephus
545 1011 782 1068 Christo
813 1010 1142 1085 composuit
1169 1011 1388 1066 femora
1418 1016 1476 1066 et
1503 1011 1739 1067 brachia
1770 1009 1983 1078 dulcia,

203 1111 361 1169 Modo
391 1119 457 1169 ut
488 1120 836 1169 consuetum
865 1121 1006 1181 erat,
1047 1122 1222 1187 atque
1256 1132 1324 1169 ea
1353 1112 1595 1173 detersit
1624 1131 1789 1187 pure,

201 1212 410 1270 Circum
439 1215 569 1290 ejus
602 1234 814 1289 corpus
843 1214 1023 1271 volvit
1052 1234 1312 1288 pannum
1342 1213 1582 1270 divitem
1610 1214 1671 1268 in
1701 1213 1903 1270 multis
1932 1215 2122 1289 plicis,

196 1313 265 1369 Et
292 1315 467 1372 Maria
495 1316 675 1391 plena
704 1317 890 1391 gratia
921 1335 1054 1373 cum
1084 1336 1152 1372 eo
1184 1315 1366 1372 tristis
1402 1323 1459 1371 et
1490 1315 1758 1370 sollicita.

195 1465 272 1520 Ibi
299 1467 495 1525 hortus
528 1477 656 1525 erat
684 1476 745 1525 et
774 1469 835 1525 in
865 1488 934 1524 eo
968 1469 1299 1542 sepulcrum
1328 1476 1615 1542 paratum,

195 1568 279 1624 Ad
298 1570 588 1627 hominem
611 1578 910 1627 mortuum
934 1570 1350 1644 recipiendum,
1384 1588 1571 1643 nuper
1593 1575 1880 1642 paratum,
1904 1588 2023 1625 non
2047 1575 2169 1624 erat
2192 1569 2322 1643 ejus
2345 1588 2510 1625 usus.

194 1671 397 1745 Corpus
429 1675 465 1730 J
468 1692 576 1730 esu
610 1671 835 1730 Christi
866 1673 938 1728 ab
971 1671 1054 1727 eis
1085 1672 1158 1727 ad
1188 1671 1501 1727 locandum
1531 1676 1622 1726 est
1649 1675 1965 1744 portatum,

191 1770 259 1826 Et
283 1771 340 1828 in
366 1772 737 1848 longitudine
769 1774 841 1829 ad
873 1773 1292 1846 quiescendum
1322 1772 1403 1828 ibi
1435 1778 1525 1827 est
1554 1758 1890 1827 relictum.''

336 1921 744 1985 Armoricum
773 1926 998 2003 poema
1027 1921 1226 1983 vitam
1256 1921 1325 1983 S.
1354 1921 1419 1983 N
1424 1919 1637 1982 onitae
1668 1919 2011 1981 dramatico
2043 1919 2273 1982 sistens
2306 1942 2517 2002 perso-

188 2023 274 2086 nis
303 2028 695 2110 'agentibusae
730 2048 1085 2090 sermonem
1130 2037 1243 2088 aut
1284 2024 1638 2088 breviorem
1680 2036 1793 2087 aut
1834 2024 2185 2108 longiorem
2227 2026 2520 2090 attribuit

188 2132 590 2213 compositum
638 2132 915 2214 strophis
960 2142 1233 2219 quatuor
1277 2131 1377 2192 vel
1424 2153 1536 2193 sex
1579 2131 1682 2193 vel
1722 2130 2007 2214 plurium
2053 2152 2373 2208 versuum,
2422 2132 2519 2194 in·

187 2235 413 2299 terdum
442 2238 641 2300 etiam
672 2237 1047 2322 pauciorum
1077 2259 1271 2318 quam
1302 2247 1597 2319 quatuor.
1656 2238 1698 2298 J
1702 2259 1807 2298 am
1836 2236 2041 2299 editor
2071 2237 2522 2302 animadvertit

186 2337 268 2418 (in
309 2344 500 2425 praef.
539 2340 609 2427 pss
645 2344 941 2424 XXVI),
979 2342 1047 2403 in
1094 2341 1355 2423 stropha
1386 2344 1659 2424 q‘uatuor
1688 2363 1989 2406 versuum
2019 2344 2386 2407 assonantia
2415 2368 2515 2408 co-

182 2446 445 2526 pulativa
476 2450 839 2512 alternante
869 2447 1148 2531 primum
1176 2469 1432 2509 versum
1461 2448 1793 2511 concinere
1823 2470 1970 2510 cum
1995 2448 2181 2510 tertio
2205 2461 2268 2511 et
2292 2472 2514 2513 secun-

184 2551 319 2615 dum
361 2577 508 2617 cum
556 2565 807 2639 quart0,
843 2554 913 2616 in
957 2553 1219 2637 stropha
1262 2574 1375 2615 sex
1419 2575 1718 2615 versuum
1749 2552 2028 2640 primum
2058 2576 2206 2616 cum
2235 2559 2516 2620 secundo

183 2668 238 2719 et
273 2661 524 2724 tertium
555 2684 707 2725 cum
739 2671 917 2724 sexto
949 2671 1013 2723 et
1044 2672 1344 2743 quartum
1374 2681 1521 2721 cum
1553 2659 1802 2741 quintO,
1839 2659 1909 2721 in
1940 2660 2201 2742 stropha
2229 2662 2513 2744 plurium

183 2783 456 2830 versuum
488 2790 606 2830 sex
634 2778 985 2850 postremos
1021 2765 1274 2828 tractari
1303 2787 1377 2827 ac
1417 2764 1471 2826 si
1503 2776 1717 2827 essent
1747 2765 2041 2847 separati.

332 2875 573 2937 Versus
609 2857 1015 2968 stropharum
1045 2869 1527 2933 constituuntur
1556 2882 1671 2932 aut
1700 2872 1881 2932 denis
1914 2853 2174 2953 syllabis
2199 2883 2313 2934 aut
2338 2884 2507 2937 octo·

181 2975 299 3053 nis,
345 2981 546 3043 rarius
593 2979 784 3042 senis,
849 2975 1239 3039 Assonantia
1279 2976 1491 3039 finalis
1534 2999 1783 3064 semper
1821 2986 1917 3038 est
1961 2977 2397 3059 monosyllaba
2438 2978 2507 3041 in

182 3081 405 3148 duabus
446 3085 734 3160 vocibuS,
763 3105 902 3145 rara
944 3105 1056 3166 per
1086 3083 1298 3164 plures
1325 3081 1717 3144 continuata.
1788 3083 2047 3144 Praeter
2077 3083 2507 3164 copulativam

181 3183 461 3267 lateralis,
497 3212 697 3276 quam
740 3188 1028 3251 comitari
1070 3187 1231 3250 solet
1275 3184 1467 3249 etiam
1511 3187 1784 3262 interna,
1824 3199 1897 3249 ut
1927 3187 1996 3249 in
2027 3187 2305 3252 carmine
2336 3212 2502 3253 cam-

181 3289 332 3356 brico
361 3297 438 3359 de
468 3296 699 3373 Cleris,
738 3293 1104 3357 dominatur
1132 3316 1245 3377 per
1276 3304 1483 3357 totum
1513 3293 1635 3354 hoc
1664 3295 1906 3357 drama.

301 3553 326 3580 ⁴*
358 3554 424 3608 In
460 3556 667 3626 primae
701 3554 954 3624 strophae
989 3553 1226 3606 secundo
1265 3569 1422 3605 versu
1458 3553 1757 3607 immissum
1798 3571 1831 3606 a
1869 3571 1954 3606 me
1979 3571 2038 3605 ve
2062 3543 2172 3606 tain
2198 3571 2231 3606 a
2256 3562 2499 3608 constru-

183 3634 341 3689 ctione
378 3658 540 3709 quam
578 3659 610 3694 a
644 3649 815 3693 metro
853 3639 1176 3710 postulatur.
1230 3638 1508 3691 Vocabula
1545 3639 1726 3691 minus
1752 3639 1985 3692 usitata:
2011 3658 2050 3707 y
2076 3656 2270 3702 arrow,
2300 3639 2503 3692 femora

183 3717 300 3786 ejus,
327 3724 464 3793 plur.
490 3744 707 3796 yarrow
732 3744 764 3778 a
784 3742 936 3794 9arr,
968 3724 1166 3776 cambr.
1191 3742 1312 3793 yar,
1339 3741 1533 3792 yaran.
1561 3725 1726 3788 wlcas,
1754 3740 1889 3786 moa,
1918 3723 2216 3776 secundum
2241 3722 2502 3793 interpre-

183 3804 419 3862 tationem
443 3811 711 3880 anglicam
737 3817 1023 3873 vetustam,
1043 3809 1262 3862 aliunde
1287 3809 1555 3879 ignotum,
1580 3828 1774 3862 armor.
1807 3808 1929 3860 boas
1953 3808 2093 3860 Buh.
2121 3812 2236 3872 142,
2263 3812 2341 3873 19,
2365 3809 2495 3862 hod.

185 3885 306 3954 boaz,
333 3894 543 3949 hibern.
574 3902 681 3954 vet.
711 3895 813 3947 be's.
844 3895 1073 3948 lowarch
1110 3912 1206 3964 pro
1246 3895 1470 3948 lowartlz
1511 3895 1568 3948 in
1595 3895 1833 3948 editione
1864 3894 1953 3963 (cf.
1983 3911 2037 3963 p.
2069 3893 2213 3963 817).
2244 3893 2388 3962 byth,
2419 3911 2498 3946 se-

182 3973 424 4044 pulcrum,
464 3998 576 4034 non
615 3979 874 4032 haesitavi
911 3980 1197 4032 restituere
1234 3998 1331 4049 pro
1368 3998 1479 4048 nyn
1515 3980 1789 4043 editionis»,
1833 3979 2076 4048 quamvis
2113 3977 2245 4030 haec
2279 3977 2498 4048 scriptio

183 4055 366 4115 dudum
400 4062 637 4119 ad'fuerit
666 4083 882 4118 necesse
921 4073 1020 4129 est,
1050 4083 1171 4117 cum
1210 4065 1452 4134 anglicae
1489 4063 1750 4116 versionis
1776 4063 1885 4116 duo
1912 4064 2122 4116 codices
2146 4064 2498 4133 manuscripti

184 4143 452 4203 exhibeant
479 4151 622 4204 mala
646 4151 1047 4203 constructione
1066 4146 1256 4202 “now’'
1288 4156 1342 4201 et
1362 4147 1550 4201 “not“.
1606 4149 1864 4202 Cornicae
1889 4149 2090 4200 formae
2117 4149 2243 4216 byth
2270 4148 2354 4200 vel
2381 4148 2499 4199 beth

179 4234 486 4297 respondent
525 4236 725 4288 cambr.
757 4236 901 4299 bedd,
941 4250 1137 4285 armor.
1168 4233 1270 4285 bez.
1306 4236 1570 4302 yutrethe,
1603 4235 1744 4287 inter
1785 4252 1894 4299 e08‚
1935 4241 2256 4303 portatores,
2285 4234 2323 4285 i.
2352 4253 2399 4285 e.
2429 4235 2497 4286 ab

180 4309 264 4364 eis.
289 4322 536 4373 erowetlw
560 4338 658 4391 pro
691 4321 968 4373 wrowethe
1004 4318 1258 4372 editionis
1295 4321 1586 4374 mendosae
1622 4328 1730 4373 tam
1757 4320 2055 4373 secundum
2080 4326 2310 4370 metrum
2336 4337 2497 4388 quam

179 4393 326 4452 alium
348 4402 523 4458 locum
550 4410 634 4470 25,
665 4411 727 4458 3:
755 4424 832 4458 ow
858 4405 1112 4458 crowethe
1139 4404 1367 4473 (jacenS,
1398 4405 1455 4458 in
1480 4406 1652 4470 lecto;
1682 4405 1750 4458 cf.
1779 4400 2054 4473 κράβατος
2072 4403 2141 4473 2).
2194 4404 2341 4456 Male
2366 4402 2497 4456 item

184 4480 282 4546 ¹792
315 4490 332 4537 l
356 4495 387 4540 ε’
405 4508 518 4543 war
542 4509 612 4544 an
632 4508 807 4560 yrows
834 4492 918 4543 the
942 4489 1216 4542 wrowethe
1243 4489 1332 4558 (ad
1348 4490 1643 4560 jacendum
1668 4489 1724 4541 in
1752 4490 1931 4559 cruce)
1963 4497 2150 4542 contra
2175 4496 2423 4541 metrum.

266 4582 387 4624 vm„
416 4575 494 4627 11.
2005 4582 2039 4635 6
2053 4584 2079 4637 1
