3150 5242
595 335 720 397 904
1005 338 1126 401 VI.
1173 346 1226 401 1.
1297 357 1743 401 coxs'rnuc‘rlo
1776 358 2065 402 Nomius
2098 358 2508 403 BRITANMCI.

606 514 686 576 ad
717 511 951 587 aulam,
987 518 1051 571 et
1080 507 1170 571 ibi
1199 507 1361 571 vidit
1389 508 1714 590 mulieres)
1747 517 1804 585 1,
1837 515 1939 570 36.
1976 532 2054 572 ac
2080 532 2274 594 ynoby
2306 509 2539 594 clywei.
2574 557 2587 571 .
2620 557 2634 572 .
2661 531 2731 572 ac
2750 508 2895 593 uelly

609 643 650 704 y
697 621 778 683 bu
810 618 892 701 ef
906 639 993 701 yn
1024 613 1130 678 hir
1162 636 1250 699 yn
1279 636 1361 698 yr
1389 615 1696 697 ayhrerdet
1722 615 1970 678 kwnnw
2009 663 2023 676 .
2066 663 2080 678 .
2122 656 2152 677 ,ν
2173 616 2382 700 odyna
2410 639 2451 700 3]
2482 617 2758 678 cerdawd
2780 635 2897 677 rao-

614 727 754 788 daw
788 723 902 804 (ibi
945 720 1242 785 audiebat
1278 768 1292 783 .
1335 768 1349 783 .
1393 767 1405 780 .
1443 730 1507 782 et
1544 720 1636 783 ita
1676 720 1799 784 fuit
1843 720 2109 805 longum
2132 711 2404 805 'tempus
2445 721 2512 783 in
2540 721 2778 804 regione
2804 721 2901 781 hac

610 828 805 893 invia.
848 875 862 890 .
906 875 920 890 .
958 827 1107 888 inde
1149 826 1426 909 perrexit
1464 831 1682 909 porro)
1718 834 1774 903 1,
1815 833 1961 889 266.
2002 834 2147 890 267.
2210 850 2290 891 ar
2333 815 2545 913 hynizy
2588 851 2627 912 3]
2670 828 2904 912 dywawt

611 935 841 999 arthur
872 937 1054 1015 (tunc
1097 931 1261 994 dixit
1288 933 1404 1012 A.)
1443 939 1500 1008 1,
1535 938 1594 993 2.
1642 956 1718 996 ac
1758 956 1838 995 ar
1866 933 2083 1019 hynny
2114 942 2288 1019 wynt
2314 957 2355 997 a
2384 935 2609 1018 welynt
2635 956 2716 1018 yn
2746 934 2906 1014 dyuot

608 1062 860 1126 ymywn
919 1059 1203 1122 morwyn
1258 1039 1361 1117 (et
1420 1048 1575 1100 tunc
1634 1038 1939 1102 videbant
1992 1041 2351 1104 venientem
2404 1040 2575 1103 intus
2624 1037 2905 1123 puellam)

617 1150 859 1223 1‚282.

783 1253 1024 1315 Contra
1062 1249 1471 1333 participium
1514 1252 1864 1333 praesentis
1896 1251 2087 1315 activi
2116 1252 2690 1336 circumscriptione
2710 1250 2906 1312 forma-

614 1370 774 1435 tum,
809 1368 885 1420 ut
925 1357 1282 1420 formantur
1321 1357 1639 1434 adverbia,
1677 1358 1747 1420 in
1789 1359 2124 1441 postremis
2157 1359 2510 1422 sententiae
2538 1357 2679 1420 locis
2706 1352 2905 1438 reperi·

613 1476 748 1527 tur:
802 1487 883 1543 aas
907 1464 1258 1548 ymperued
1285 1462 1468 1526 llawr
1497 1484 1579 1547 yr
1606 1466 1887 1549 ystauell
1908 1467 2119 1549 ydoed
2140 1486 2221 1549 yr
2250 1463 2684 1548 amberawdgfr
2711 1460 2910 1523 arthur

609 1595 695 1656 yn
728 1571 928 1633 ez'sted
954 1572 1045 1651 (et
1086 1569 1156 1631 in
1199 1568 1409 1630 medio
1455 1569 1589 1631 solo
1635 1570 1911 1633 cubiculi
1942 1581 2077 1634 erat
2105 1571 2447 1654 imperator
2477 1573 2559 1632 A.
2596 1569 2823 1648 sedens)
2854 1570 2905 1640 1,

611 1683 671 1740 2.
723 1701 799 1740 ac
827 1676 1166 1760 yyk'enawl
1204 1675 1390 1739 llawr
1433 1698 1476 1759 y
1516 1678 1733 1739 neuad
1766 1678 1976 1760 ydoed
1996 1678 2269 1758 pedwar
2304 1698 2492 1761 qur
2535 1699 2614 1762 yn
2642 1673 2823 1736 eisted
2845 1690 2912 1732 ar

610 1786 754 1848 lemz
788 1785 879 1863 (et
924 1782 992 1843 in
1033 1780 1242 1843 medio
1283 1780 1417 1844 solo
1448 1782 1632 1844 aulae
1663 1794 1843 1845 erant
1874 1793 2150 1865 quatuor
2175 1781 2295 1844 viri
2324 1783 2610 1845 sedentes
2638 1779 2704 1841 in
2729 1774 2910 1861 pulvi-

609 1888 777 1970 nari)
818 1897 874 1965 1,
914 1893 1059 1949 282.
1098 1908 1173 1948 ac
1217 1887 1336 1948 nal
1373 1888 1585 1971 ydoed
1610 1888 1804 1951 owez’n
1838 1889 2216 1952 diwarnawt
2238 1911 2327 1973 yn
2359 1888 2567 1973 bwytw
2591 1907 2667 1948 ar
2691 1907 2730 1968 3]
2760 1880 2916 1945 bwrd

606 1994 1009 2082 quaerllion
1040 2015 1118 2055 ar
1161 2014 1330 2077 wyse
1373 1993 1633 2077 nackaf
1649 2016 1911 2078 uorwyn
1938 1996 2227 2079 yndyuot
2256 1997 2347 2077 (et
2377 2016 2523 2056 cum
2552 2001 2681 2055 erat
2709 1990 2783 2053 Ο.
2816 1985 2911 2049 ali-

610 2103 865 2186 quando
911 2120 1185 2163 coenans
1230 2099 1311 2160 ad
1352 2120 1640 2162 mensam
1684 2099 1753 2162 in
1795 2111 1998 2163 castro
2032 2101 2388 2184 Legionum
2430 2102 2508 2164 ad
2538 2100 2757 2172 Iscam,
2791 2111 2913 2155 ecce

606 2208 823 2293 puella
851 2207 1142 2288 veniens)
1181 2212 1237 2281 1,
1278 2210 1381 2268 26.

946 2455 1006 2514 2.
1057 2450 1368 2510 Nomen
1412 2456 1492 2509 et
1533 2469 1974 2531 pronomen
2019 2456 2612 2510 constructum.

783 2658 846 2700 a.
912 2635 1342 2699 Articulus
1386 2636 1600 2710 deest,
1652 2645 1726 2698 ut
1766 2634 1836 2697 in
1877 2634 2205 2698 hibernica
2246 2632 2742 2705 constructione,
2788 2635 2915 2690 ante

610 2741 1106 2817 substantivum,
1144 2742 1315 2824 quod
1357 2740 1661 2805 definitur
1703 2742 1782 2804 ab
1828 2741 1952 2805 alio
1987 2741 2056 2803 in
2086 2739 2397 2824 genitivo:
2450 2738 2672 2806 iarlles
2699 2759 2738 2820 3]
2751 2732 2914 2818 ffyn·

608 2871 795 2913 nawn
842 2845 1191 2929 (comitissa
1229 2845 1556 2927 fontanae)
1598 2853 1654 2922 1,
1697 2854 1755 2935 1.
1784 2848 2047 2928 presseb
2089 2868 2132 2930 3]
2162 2845 2385 2909 march
2412 2848 2736 2927 (praesepe
2763 2835 2915 2920 equi)

614 2961 672 3031 1,
712 2959 813 3016 33.
852 2951 1151 3014 iarllaeth
1180 2974 1223 3035 3]
1248 2951 1481 3034 qoqled
1509 2951 1875 3031 (comitatus
1908 2951 2383 3035 septentrionis)
2416 2958 2474 3026 1,
2518 2956 2663 3011 235.

776 3058 949 3119 Ante
990 3057 1253 3119 nomina
1281 3056 1535 3138 propria
1573 3058 1996 3120 communiter
2039 3059 2215 3120 deest
2254 3056 2585 3132 articulus,
2632 3076 2686 3117 e.
2719 3070 2839 3134 gn:
2880 3067 2917 3129 y

608 3165 883 3249 dywawt
923 3161 1172 3238 arthur,
1209 3186 1251 3247 3]
1299 3164 1571 3246 dywawt
1601 3162 1707 3225 kei
1739 3163 1938 3245 (dixit
1979 3166 2089 3239 A.,
2137 3164 2246 3246 C.)
2279 3164 2366 3246 fq.
2429 3161 2700 3245 Legitur
2730 3167 2914 3220 tamen

606 3269 801 3332 etiam
843 3268 911 3330 in
957 3269 1206 3332 casibus
1249 3268 1555 3351 obliquis:
1607 3292 1688 3353 yr
1734 3269 1859 3332 beli
1898 3291 2099 3332 mawr
2138 3270 2260 3332 aab
2306 3290 2619 3352 manoyan
2657 3289 2699 3350 3]
2745 3264 2818 3325 bu
2846 3254 2918 3321 tri

606 3376 766 3438 meib
814 3375 1070 3456 (Belino
1122 3397 1356 3458 magno
1408 3374 1540 3437 filio
1596 3375 1948 3457 Manogani
1998 3375 2261 3437 fuerunt
2312 3385 2434 3437 tres
2475 3374 2625 3455 filii)
2676 3378 2741 3447 3,
2786 3371 2909 3429 297-

605 3480 909 3565 mwyhaf
948 3504 1016 3543 oe
1073 3482 1310 3565 vrodyr
1348 3503 1390 3564 3]
1432 3479 1619 3543 karei
1660 3481 1779 3543 lud
1812 3504 1854 3565 3]
1898 3481 2126 3565 lleulys
2170 3479 2470 3562 (maxime
2514 3480 2681 3543 inter
2719 3476 2912 3537 fratres

605 3608 752 3650 suos
777 3588 1032 3650 amabat
1056 3586 1303 3649 Ludius
1329 3585 1691 3668 Leulisum)
1712 3593 1771 3663 3,
1793 3593 1938 3664 298,
1961 3586 2073 3648 ubi
2095 3586 2481 3650 necessarius
2506 3587 2755 3650 videtur
2773 3581 2915 3642 inter

603 3695 730 3764 duo
755 3693 1017 3756 nomina
1040 3692 1293 3776 propria
1308 3691 1499 3774 juxta
1522 3714 1589 3755 se
1613 3692 1840 3775 posita.
1886 3693 2153 3777 Legitur
2174 3694 2330 3756 item
2353 3694 2421 3757 in
2444 3715 2600 3757 casu
2616 3700 2778 3755 recto
2793 3690 2915 3769 post

601 3801 867 3864 verbum
897 3799 1279 3861 defectivum
1309 3798 1422 3860 heb
1456 3798 1754 3881 (inquit):
1792 3799 1906 3862 heb
1937 3822 2018 3884 yr
2048 3800 2299 3876 arthur,
2336 3800 2448 3864 heb
2479 3824 2521 3885 y
2548 3796 2792 3883 yereint
2810 3790 2914 3872 (in-

602 3906 743 3988 quit
774 3908 883 3980 A.,
915 3904 1033 3986 G.)
1062 3909 1121 3982 2,
1155 3910 1256 3967 27.
1290 3912 1392 3967 29.
1427 3911 1530 3981 30,
1558 3915 1705 3988 post
1735 3906 1905 3988 quod
1934 3905 2238 3969 articulus
2270 3908 2425 3969 adeo
2454 3901 2771 3989 praecedit
2795 3916 2912 3982 pro·

599 4034 834 4076 nomen
865 4011 1230 4096 personale:
1269 4010 1384 4075 heb
1412 4033 1494 4096 yr
1522 4019 1697 4095 wynt
1726 4010 2058 4091 (dixerunt
2088 4012 2238 4095 ipsi)
2275 4019 2335 4088 3,
2375 4017 2521 4074 269.

769 4117 1176 4202 Adjectivum
1205 4117 1397 4181 etiam
1429 4117 1749 4200 praecedit
1778 4118 2084 4180 articulus
2109 4118 2483 4194 cambricus,
2513 4117 2734 4180 eodem
2755 4106 2912 4173 modo

596 4237 672 4289 ut
701 4224 1066 4288 hibernicus
1101 4229 1192 4308 (p.
1225 4229 1401 4307 888),
1448 4224 1501 4286 si
1547 4234 1697 4287 ante
1729 4223 2202 4286 substantivum
2233 4247 2379 4288 cum
2410 4245 2482 4286 eo
2508 4225 2910 4285 constructum

594 4334 774 4395 adest
803 4353 1156 4414 pronomen
1186 4330 1649 4414 possessivum:
1690 4331 1916 4413 qwedy
1947 4351 2150 4391 marw
2180 4330 2306 4393 beli
2332 4328 2747 4414 adyywydaw
2768 4329 2909 4402 leyr-

591 4460 710 4501 ηαδ
739 4433 901 4525 ynys
911 4439 1194 4525 prydein
1218 4438 1458 4523 ynllaw
1487 4437 1605 4499 lud
1621 4436 1789 4521 yuab
1813 4455 1896 4519 yr
1918 4435 2141 4520 kynaf
2158 4437 2436 4517 (mortuo
2460 4420 2907 4497 Reum-cecidit
