3150 5242
689 432 811 494 IV.
853 434 912 490 2.
982 449 1547 494 ramosmlousss
1579 446 2052 491 erAnchn.
2416 429 2541 491 625

206 625 267 663 ez
305 601 414 663 dle
434 601 670 685 ‘bezaf
682 601 806 685 sez
850 621 1046 685 anezy
1078 600 1292 681 (debet
1329 621 1464 662 esse
1492 598 1650 661 fides
1680 599 1760 660 de
1789 619 1884 673 ea,
1919 599 2077 660 fides
2108 598 2267 680 ejus,
2303 598 2536 682 crucis)

210 715 346 784 154,
386 713 457 768 21
476 755 492 768 .
539 727 803 789 qreomp
848 729 931 768 an
957 705 1285 789 quirionez
1314 703 1497 767 anezi
1526 703 1857 785 (faciamus
1888 703 2220 766 veritatem
2250 703 2305 786 ej
2312 726 2410 781 uS,
2448 706 2535 768 le—

204 812 319 896 gis)
358 819 504 888 156,
545 818 654 874 23.
720 813 824 874 Ex
861 811 1166 874 hodierna
1208 811 1432 893 lingua
1473 820 1927 873 enumerantur
1971 809 2261 892 exempla
2299 811 2535 874 formae

205 918 419 1000 prioris
443 918 849 980 consociatae
871 918 950 980 ad
973 916 1464 999 significandum
1494 924 1549 977 1.
1568 928 1633 978 et
1659 919 1717 976 2.
1737 937 1932 998 perS.,
1953 915 2211 977 alterius
2234 917 2316 977 ad
2337 915 2534 998 signi-

205 1024 622 1085 ficandum·3.
657 1044 962 1105 personae
989 1021 1347 1104 genitivum
1377 1045 1479 1106 ap.
1515 1022 1824 1084 Dumoul.
1862 1025 1953 1104 (p.
1995 1027 2098 1082 40.
2137 1025 2281 1101 41):
2324 1019 2533 1084 ao’ka·

205 1150 372 1190 nome
401 1127 618 1209 (mei),
649 1127 1018 1209 ac’hanomp
1041 1127 1319 1209 (nostri),
1350 1125 1643 1189 ac'hanot
1665 1126 1840 1208 (tui),
1871 1125 2232 1189 ac’hanoc’h
2257 1127 2526 1209 (vestri),

207 1255 389 1297 (meza
413 1214 613 1316 (ejuS,
630 1231 835 1308 illius,
846 1235 1096 1313 masc.),
1121 1232 1306 1295 anezi
1324 1232 1514 1314 (ejuS,
1533 1231 1740 1313 fem.),
1761 1253 1951 1294 anezo
1971 1233 2239 1312 (eorum,
2257 1236 2526 1315 earum).

207 1339 256 1400 E
280 1338 472 1422 priori
503 1338 716 1401 forma
744 1338 900 1400 item
929 1339 1182 1400 adverb.
1217 1337 1467 1400 (thanen
1500 1337 1783 1417 (abhinc,
1821 1359 1900 1398 ex
1929 1336 2048 1399 hoc
2078 1337 2267 1419 loco),
2296 1339 2374 1400 de
2404 1361 2530 1421 quo

207 1466 382 1526 supra
415 1446 510 1527 (p.
553 1444 735 1525 574).

360 1552 460 1612 Ex
516 1549 813 1632 ejusdem
864 1548 1346 1633 praepositionis
1398 1549 1599 1610 forma
1648 1548 1931 1631 pleniore
1985 1551 2073 1612 od
2120 1549 2227 1629 (cf.
2275 1549 2523 1612 hibern.

204 1670 320 1720 vet.
354 1658 490 1719 uad
525 1679 596 1739 p.
641 1660 793 1735 589)
824 1654 1109 1716 residuae
1150 1653 1447 1716 videntur
1488 1653 1828 1716 armoricae
1858 1655 2050 1717 EUX
2080 1664 2144 1716 et
2173 1654 2311 1730 OZ,
2348 1655 2526 1717 OUZ

206 1764 380 1844 (quae
408 1761 837 1824 discernenda
865 1771 961 1822 est
989 1760 1068 1821 ab
1097 1758 1265 1820 infra
1292 1768 1595 1841 sequente
1625 1781 1716 1833 oz,
1754 1781 1870 1821 ouz
1898 1793 1985 1812 =
2015 1761 2249 1822 cambr.
2279 1760 2489 1843 qwrtk
2503 1783 2523 1834 ;

205 1867 505 1949 siquidem
534 1888 675 1929 non
705 1863 1072 1947 accipienda
1100 1884 1213 1945 pro
1246 1862 1408 1939 εἰὶσε,
1441 1863 1625 1926 diouz
1653 1895 1740 1916 =
1770 1867 2003 1928 cambr.
2037 1864 2297 1949 ywrth),
2334 1864 2529 1947 signi-

204 1972 510 2054 ficantque
559 1970 760 2033 etiam
803 1969 873 2030 in
903 1968 1209 2031 hodierna
1238 1967 1461 2051 lingua
1492 1991 1564 2031 us
1596 1969 1932 2046 Dumoul.,
1967 1974 2078 2032 eelz
2108 1971 2264 2052 Leg.
2299 1970 2527 2053 geniti-

206 2097 365 2137 vum.
430 2076 752 2158 Exempla
796 2097 831 2136 e
861 2073 1071 2136 Buh.:
1122 2096 1242 2135 eum
1285 2096 1368 2136 an
1414 2075 1521 2136 bro
1565 2096 1715 2137 man
1746 2077 1853 2154 (ex
1897 2074 2017 2136 hac
2045 2074 2327 2157 regione)
2363 2083 2422 2153 6,
2463 2083 2522 2138 5.

207 2202 334 2243 nem
377 2182 483 2243 boe
528 2188 720 2243 πεῖνα
760 2202 880 2241 eux
921 2202 957 2241 e
993 2179 1223 2240 madon
1254 2180 1413 2258 (non
1452 2178 1577 2241 fuit
1615 2179 1775 2242 mihi
1812 2179 2052 2261 aliquid
2083 2201 2118 2241 e
2144 2180 2328 2243 bonis
2362 2181 2521 2264 ejus,

208 2285 503 2347 bonorum
545 2284 718 2367 ejus)
756 2291 831 2344 17
840 2291 900 2360 0,
941 2290 1000 2345 3.
1049 2283 1176 2346 mir
1214 2304 1285 2345 oz
1318 2284 1543 2364 pocket
1571 2286 1779 2365 (serva
1821 2306 1860 2346 a
1893 2286 2201 2369 peccato),
2237 2285 2427 2348 miret
2456 2310 2527 2348 oz

208 2411 282 2450 an
296 2389 629 2471 peckedou
652 2391 930 2468 (servare
960 2411 998 2450 a
1024 2388 1325 2471 peccatis)
1350 2389 1437 2471 fq.
1473 2410 1579 2451 ma
1609 2388 1736 2451 mir
1763 2411 1878 2451 ouz
1903 2388 2170 2470 lanqour
2190 2389 2277 2452 Ιια
2298 2411 2524 2474 sourcy

207 2495 397 2572 (serva
424 2517 529 2556 me
561 2517 600 2556 a
633 2494 939 2575 languore
969 2504 1033 2556 et
1060 2496 1238 2575 cura)
1273 2500 1376 2570 90,
1419 2502 1519 2555 17.

363 2601 518 2663 Post
560 2621 686 2662 eux
727 2598 977 2682 saepius
1021 2599 1306 2682 sequitur
1348 2597 1622 2682 amplius
1664 2617 1882 2680 praep.
1918 2618 1959 2659 a
1976 2625 1999 2660 .-
2043 2619 2164 2661 euoe
2191 2621 2234 2662 a
2264 2601 2431 2664 breiz
2463 2604 2524 2684 (e

208 2704 555 2786 Britannia)
589 2704 766 2766 Buh.
806 2710 867 2779 8,
910 2711 1023 2765 16:
1057 2726 1126 2766 eo
1161 2704 1344 2788 yoall
1382 2725 1591 2785 comps
1634 2710 1852 2786 sotony
1886 2724 2006 2764 eux
2035 2725 2075 2764 a
2105 2704 2379 2787 Riqoall
2404 2709 2526 2787 (est

207 2809 430 2871 malum
471 2810 684 2872 dicere
728 2809 961 2871 falsum
995 2809 1073 2870 de
1102 2810 1221 2892 R.)
1259 2814 1402 2885 166,
1441 2813 1544 2870 20.
1595 2829 1716 2870 euax
1745 2828 1787 2868 a
1817 2808 1978 2870 dour
2007 2807 2173 2872 ezint
2200 2810 2274 2872 di
2307 2812 2524 2875 our-nis

208 2913 371 2991 (sunt
398 2936 566 2995 aqua
594 2912 857 2996 privati)
893 2920 1037 2990 190,
1075 2918 1178 2976 27.

360 3019 549 3081 GUO
596 3018 875 3099 (hibern.
908 3020 1007 3103 fo
1022 3067 1043 3095 ,
1094 3020 1240 3100 sub)
1259 3066 1279 3094 ‚
1326 3018 1623 3101 frequens
1669 3017 1876 3080 adhuc
1920 3017 1992 3079 in
2042 3017 2515 3101 compositione,

209 3123 528 3203 separatim
572 3124 684 3186 vix
725 3124 1016 3200 occurrit,
1052 3146 1201 3186 cum
1240 3124 1376 3206 ejus
1415 3124 1628 3185 locum
1671 3121 2070 3206 occupaverit
2112 3144 2325 3205 praep.
2363 3124 2515 3188 dan.
2545 3193 2552 3199 ,

209 3224 578 3310 Exemplum
617 3229 1004 3291 cambricum
1044 3229 1356 3291 vetustius
1396 3225 1880 3311 praepositionis
1912 3237 2232 3308 separatae
2261 3228 2332 3290 in
2361 3229 2521 3294 libro

210 3328 473 3395 Laudav.
524 3356 593 3416 p.
638 3340 754 3394 149
786 3333 872 3395 in
915 3333 1334 3417 descriptione
1387 3330 1652 3405 finium,
1703 3351 1866 3412 quae
1923 3329 2181 3412 incipit:
2235 3354 2309 3394 or
2350 3343 2524 3415 pant

207 3439 421 3519 nessaf
449 3438 681 3501 dilicat
712 3438 993 3520 qurruni
1034 3449 1154 3501 etc.
1192 3443 1258 3519 (a
1298 3435 1611 3510 faucibuS,
1660 3434 1979 3510 vallicula,
2028 3436 2316 3518 proxima
2355 3439 2519 3503 fonti

209 3536 309 3613 G„
341 3539 539 3618 fluvii,
583 3590 599 3604 .
642 3590 656 3604 .
698 3545 746 3624 .)
764 3591 783 3618 ,
822 3553 886 3605 et
934 3542 1114 3605 finit:
1167 3540 1486 3626 quorruni
1523 3538 1692 3602 nikit
1731 3559 1982 3601 sursum
2025 3539 2123 3603 hit
2148 3563 2326 3623 penn
2365 3565 2518 3627 quo·

206 3639 389 3705 ciueir
427 3645 631 3726 ipant‚
667 3646 780 3708 ubi
816 3646 1052 3728 incepit
1071 3646 1242 3731 finis
1275 3646 1653 3727 (secundum
1682 3644 1765 3707 G.
1803 3665 2057 3706 sursum
2097 3668 2300 3730 usque
2329 3648 2399 3711 in
2429 3651 2518 3712 lo·

207 3766 340 3809 cum
370 3770 403 3810 e
431 3750 689 3833 regione
720 3752 1102 3833 valliculae).
1167 3752 1294 3813 Pro
1319 3749 1645 3833 quooiueir
1672 3748 1863 3831 paulo
1894 3760 2042 3812 ante
2073 3761 2170 3814 est
2199 3752 2425 3818 iciueir
2455 3758 2519 3837 (e

207 3851 468 3936 regione)
513 3865 581 3917 et
619 3855 689 3916 in
729 3855 869 3918 aliis
910 3856 1130 3920 multis
1167 3856 1320 3919 locis
1351 3876 1529 3937 penn
1570 3853 1850 3916 arciueir
1891 3856 2085 3935 (recte
2129 3878 2164 3917 e
2203 3858 2511 3943 regione).

207 3953 529 4044 Cornicum
573 3960 936 4043 exemplum
977 3984 1012 4024 e
1044 3964 1223 4025 Pass.
1248 3983 1262 4022 ε
1310 3960 1394 4023 ka
1424 3958 1738 4023 wotewetk
1770 3961 1863 4040 (et
1891 3960 2010 4021 sub
2038 3961 2190 4038 fine,
2228 3966 2515 4049 tandem)

212 4062 302 4134 ιο,
336 4068 394 4123 4.
434 4069 536 4140 38,
579 4071 638 4125 3.

359 4167 455 4228 DI
487 4168 765 4248 (hibern.
802 4169 891 4245 di,
928 4171 1032 4251 de)
1063 4170 1133 4232 in
1172 4170 1395 4252 lingua
1438 4170 1778 4234 vetustiore
1821 4172 2155 4249 cambrica,
2191 4183 2266 4235 ut
2306 4174 2514 4237 hiber-

203 4265 335 4330 nica
369 4272 770 4354 praepositio,
806 4274 1163 4356 genitivum
1206 4274 1528 4337 interdum
1573 4275 1900 4340 indicans:
1952 4277 2066 4339 kin
2109 4300 2258 4359 map
2300 4279 2375 4340 di
2416 4279 2514 4339 iob

204 4371 296 4448 (ut
334 4374 502 4438 filius
542 4378 588 4439 J
590 4377 750 4460 ovis)
780 4379 868 4461 gl.
905 4380 1117 4443 Oxon.
1184 4381 1266 4442 In
1309 4381 1762 4445 recentioribus
1804 4383 2146 4458 codicibuS,
2182 4392 2258 4443 ut
2301 4382 2371 4444 in
2416 4402 2516 4443 co-

204 4473 327 4537 dice
363 4481 574 4632 rulIJIro,
612 4504 726 4565 pro
769 4484 877 4569 dy,
914 4506 1179 4549 excussa
1221 4487 1269 4548 d
1309 4487 1402 4569 (p.
1444 4490 1632 4569 217),
1666 4486 1806 4571 jam
1846 4496 1944 4549 est
1973 4487 2037 4549 Y
2069 4488 2196 4568 (de,
2232 4507 2334 4561 ex,
2370 4487 2511 4566 ab):

293 4588 415 4631 v01..
508 4619 522 4634 .
2021 4594 2101 4647 40
