3150 5242
571 348 600 407 7
612 346 692 408 98
953 349 1034 411 V.
1079 355 1134 410 1.
1207 369 1574 415 DERIVATIO
1609 372 2018 416 Bm‘rAnch
2047 371 2504 419 LIQUIDARUM.

568 516 767 598 diere)
810 518 852 580 J
857 539 1082 580 uvenc.
1132 519 1502 602 Cantabrig.
1539 520 1802 584 hestaur
1848 520 2188 602 (sextarius
2200 546 2218 596 ;
2269 522 2418 584 hod.
2468 522 2763 598 hestawr,
2807 524 2896 606 pl.

567 624 886 701 hestorau,
909 625 1201 689 feminini
1224 625 1474 708 generis
1499 626 1567 688 in
1592 627 1840 708 lexicis)
1866 627 1953 709 gl.
1974 628 2188 690 Oxon.
2224 628 2412 690 Viros
2438 628 2897 711 significantia:

552 728 833 811 pispaur
866 730 1017 813 (leg.
1040 732 1382 814 prppaur?
1414 732 1677 813 tibicen)
1708 732 1797 813 gl.
1826 734 2039 795 Oxon.
2075 733 2400 796 lzeussawr
2431 736 2723 816 (pastor),
2749 756 2906 817 por-

568 834 771 897 thawr
803 837 1143 916 (portarius
1163 862 1180 911 ;
1218 838 1366 899 hod.
1404 838 1720 913 keusawr,
1743 838 2100 919 porthawr,
2137 840 2227 922 pl.
2266 839 2497 920 φήσῃ)
2531 842 2708 902 Mab.
2749 847 2807 915 1,
2845 847 2901 903 1.

569 947 629 1016 2,
669 947 814 1003 201.
855 948 999 1003 215.
1041 948 1186 1005 216.
1245 943 1653 1005 carcharawr
1696 944 2068 1026 (captivus)
2121 954 2189 1021 1,
2229 951 2372 1007 254.
2413 952 2482 1022 2,
2522 951 2681 1023 231,
2730 947 2900 1029 plur.
2998 1020 3023 1033 ἱ

565 1046 1041 1131 karcharoryon
1083 1051 1189 1131 (p.
1231 1051 1391 1129 294)
1440 1050 1617 1110 Mab.
1658 1054 1731 1124 2,
1772 1056 1891 1111 372
1912 1086 1932 1126 ,·
1978 1050 2424 1114 concordantia
2467 1051 2537 1113 in
2587 1052 2794 1113 forma
2845 1062 2908 1113 et

567 1151 840 1214 flexione
871 1174 1017 1219 cum
1048 1153 1173 1235 adj.
1210 1154 1280 1215 in
1311 1156 1473 1229 -aul,
1512 1176 1660 1217 -azcc
1692 1157 1783 1236 (p.
1817 1159 1991 1237 294).
2044 1157 2488 1241 Compositum
2517 1180 2664 1220 cum
2696 1158 2901 1219 subst.

567 1280 704 1321 awr
735 1259 943 1339 (hora)
984 1259 1236 1322 videtur
1278 1260 1590 1322 neitkawr
1635 1260 1926 1344 (nuptiae
1944 1286 1963 1337 3
2014 1262 2163 1325 hod.
2213 1263 2581 1338 neithz'awr,
2631 1262 2907 1326 neitlzior

566 1365 749 1447 fem.)
783 1366 959 1428 Mab.
1000 1371 1060 1440 2,
1100 1370 1243 1426 221.
1286 1371 1431 1428 223.

738 1470 1009 1534 Cornica
1032 1471 1107 1532 -in
1140 1494 1240 1534 -or
1270 1494 1304 1533 e
1334 1473 1571 1535 Vocab.
1613 1472 1707 1552 (in
1739 1493 1865 1553 quo
1898 1473 2090 1536 etiam
2120 1497 2220 1536 -oc
2249 1484 2344 1535 est
2373 1496 2487 1556 pro
2518 1476 2727 1554 -auc):
2778 1474 2905 1535 cal-

569 1587 665 1647 tor
697 1579 1022 1659 (cacabus;
1069 1608 1157 1631 ·----
1198 1580 1434 1641 cambr.
1483 1579 1759 1658 callam)
1778 1626 1798 1654 ,
1849 1579 2072 1642 bathor
2103 1578 2600 1662 (numularius),
2652 1579 2906 1641 maidor

571 1686 866 1765 (caupo),
919 1684 1214 1746 haloinor
1245 1684 1638 1765 (salinator),
1675 1684 1994 1767 harfellor
2024 1686 2334 1768 (fidicen),
2374 1687 2658 1748 darador
2688 1685 2908 1766 (ostia-

567 1789 750 1871 rius).
817 1789 986 1851 Sunt
1026 1789 1218 1852 etiam
1260 1790 1617 1853 desinentia
1658 1790 1727 1852 in
1772 1790 1910 1853 -ior
1952 1792 2021 1853 in
2065 1794 2319 1854 eodem:
2368 1791 2584 1853 redior
2625 1790 2904 1871 (lector),

561 1895 830 1978 qrauior
856 1896 1216 1977 (sculptor),
1246 1895 1529 1958 heirnior
1555 1897 1776 1978 (faber,
1805 1897 2153 1978 ferrarius),
2186 1896 2472 1960 teleim'or
2495 1895 2905 1979 (citharista).

570 2001 697 2064 Sed
748 2001 1093 2084 quaeritur,
1132 2023 1349 2063 annon
1401 2002 1557 2065 haec
1603 2012 1668 2065 et
1712 2003 2228 2066 antecedentium
2270 2001 2484 2084 aliqua
2525 2000 2913 2063 conveniant

569 2129 718 2169 cum
747 2106 1075 2169 cambricis
1109 2129 1250 2184 —wr,
1289 2130 1474 2192 -ywr.

739 2212 1067 2275 Armorica
1118 2212 1188 2276 in
1235 2236 1342 2276 -er
1387 2217 1482 2297 (p.
1524 2217 1672 2295 113)
1717 2236 1751 2276 e
1796 2214 2008 2276 Buh.:
2070 2213 2254 2276 diner
2300 2211 2693 2295 (denarius),
2734 2210 2911 2292 piler

572 2318 731 2401 (pila
747 2342 764 2392 3
812 2318 960 2381 hod.
1014 2319 1229 2396 diner,
1265 2319 1496 2400 pillier
1539 2341 1774 2395 masc.,
1820 2321 1908 2401 pl.
1961 2322 2094 2401 -ou)
2130 2326 2233 2396 54,
2261 2324 2376 2379 ·12.
2420 2323 2563 2393 162,
2602 2324 2663 2378 2.
2722 2316 2912 2381 Viros

571 2423 1033 2506 significantia:
1092 2425 1323 2487 barner
1369 2424 1626 2507 (judex)
1675 2430 1828 2501 152,
1873 2433 1930 2487 7.
1988 2433 2165 2488 noter
2211 2423 2552 2505 (notarius)
2604 2429 2759 2499 156,
2786 2428 2905 2484 22.

571 2551 813 2604 croeer,
867 2551 1087 2593 crouer
1128 2532 1423 2611 (creator)
1459 2536 1561 2606 22,
1607 2537 1705 2592 11.
1745 2537 1849 2605 90,
1894 2537 1992 2592 15.
2035 2535 2177 2607 124,
2217 2536 2319 2592 20.
2367 2536 2507 2606 176,
2550 2535 2606 2590 1.
2658 2527 2916 2591 diuiner

573 2636 941 2715 (divinator)
977 2640 1079 2710 82,
1119 2640 1220 2697 22.
1287 2637 1467 2699 Plur.
1503 2637 1703 2699 —erien
1737 2640 1829 2720 (p.
1871 2640 2045 2718 295).

744 2740 1044 2803 Formula
1074 2742 1231 2804 EIR
1261 2741 1330 2803 in
1356 2743 1557 2804 subst.
1590 2742 1826 2805 llesteir
1851 2743 2440 2825 (impedimentum3
2478 2741 2628 2804 hod.
2663 2738 2914 2802 llestair

573 2870 794 2924 masc„
831 2848 999 2930 plur.
1053 2846 1429 2928 llesteiriau)
1463 2849 1639 2909 Mab.
1683 2855 1740 2923 1,
1782 2855 1814 2909 5
1850 2848 2148 2911 convenit
2191 2870 2338 2911 cum
2383 2845 2710 2909 derivante
2756 2842 2907 2906 -eia

574 2955 829 3016 Cambr.
866 2964 993 3014 vet.
1030 2951 1545 3034 caitoir(pubes)
1575 2954 1664 3034 gl.
1702 2953 1913 3036 Oxon.
1952 2963 2049 3015 est
2078 2952 2274 3016 kedor
2302 2954 2371 3015 in
2403 2954 2559 3033 ch.
2597 2955 2763 3016 2.,1.
2804 2954 2907 3023 27,

574 3057 859 3121 hodiern.
892 3058 1161 3131 cedawr,
1192 3059 1377 3130 cedor
1398 3080 1622 3132 masc„
1654 3080 1881 3120 armor.
1913 3058 2166 3135 kezour,
2196 3058 2504 3132 kaezour;
2533 3077 2709 3118 corn.
2740 3054 2914 3118 ulair

577 3164 691 3245 (gl.
728 3162 1017 3246 peplum)
1048 3164 1288 3226 Vocab.
1325 3164 1559 3226 cambr.
1598 3162 1747 3225 hod.
1784 3164 1958 3226 aliar
1987 3186 2180 3226 masc.

749 3270 820 3349 d)
865 3268 993 3332 RR
1023 3268 1316 3334 derivans
1344 3291 1478 3333 non
1507 3269 1800 3332 occurrit.

1180 3517 1239 3572 2.
1306 3511 1742 3574 Derivatio
1787 3512 2307 3595 spirantium.

752 3702 1010 3762 Praeter
1042 3699 1085 3759 S
1105 3687 1589 3778 *praevalentem
1629 3698 1698 3759 in
1741 3698 2128 3762 derivatione
2167 3697 2336 3759 inter
2378 3695 2695 3777 spirantes
2725 3694 2913 3757 etiam

578 3806 620 3866 J
653 3816 716 3867 et
743 3806 805 3868 V
835 3804 1190 3866 derivantes
1221 3802 1290 3862 in
1320 3801 1611 3884 pluribus
1641 3803 1931 3865 formulis
1960 3805 2309 3866 ostendunt
2329 3801 2467 3884 jam
2496 3800 2762 3862 nomina
2783 3799 2915 3881 gal-

559 3910 704 3972 *lica
746 3909 846 3970 vel
886 3907 1243 3969 britannica
1283 3919 1532 3970 vetusta
1577 3911 1669 3991 (p.
1713 3916 1855 3969 745.
1899 3912 2071 3990 746).
2150 3909 2502 3988 Utramque
2546 3905 2716 3968 hanc
2756 3904 2914 3968 deri·

583 4024 840 4076 vantem
871 4012 1080 4075 adhuc
1110 4011 1421 4075 cambrica
1450 4013 1673 4096 lingua
1705 4025 1932 4076 servat.

753 4121 795 4181 J
827 4117 1218 4180 derivantem
1247 4118 1397 4180 licet
1428 4128 1705 4181 statuere
1734 4119 1803 4180 in
1837 4116 2278 4181 terminatione
2309 4116 2478 4199 plur.
2508 4115 2700 4190 -eion,
2731 4136 2787 4177 e.
2817 4136 2909 4197 gr.

582 4225 651 4289 in
676 4224 1012 4309 ywestez'on
1045 4225 1381 4307 (hospites)
1415 4226 1592 4287 Mab.
1635 4231 1693 4299 1,
1734 4230 1879 4300 271,
1917 4224 2086 4305 quod
2131 4233 2347 4284 nostra
2378 4219 2723 4302 scriptione
2754 4229 2913 4281 esset

577 4332 940 4416 ywestqjon,
977 4351 1012 4391 e
1050 4330 1327 4413 ywestei,
1361 4329 1462 4392 vel
1507 4340 1583 4391 ut
1622 4328 1809 4392 hodie
1849 4330 2135 4392 scribunt
2173 4325 2459 4410 ywestai.
2526 4326 2698 4389 Sunt
2726 4325 2913 4407 hujus

586 4436 993 4499 derivationis
1043 4435 1308 4499 nomina
1347 4434 1630 4497 virorum
1673 4445 1923 4497 vetusta
1964 4432 2278 4497 cambrica
2322 4432 2392 4494 in
2435 4432 2531 4494 :ei
2566 4431 2912 4494 desinentia
