3150 5242
595 343 760 405 1072
958 360 1329 406 Arrnnmx.
1395 361 1725 405 specuum
1761 361 2013 406 comcls
2045 360 2404 405 mmmmm
2435 361 2539 409 cn.

585 526 780 590 retur,
817 522 1195 597 argumento
1238 510 1516 575 siderum
1562 512 1864 586 nitenteS,
1901 532 2064 594 quae
2106 511 2237 574 fixo
2282 533 2530 596 semper
2574 533 2768 575 cursu
2815 513 2930 576 cir-

586 621 977 695 cumvolant,
1009 617 1612 702 septentrionalibus
1641 617 1955 681 breviores
1985 638 2171 701 gyros
2186 613 2215 652 ²
2245 617 2411 680 circa
2440 617 2769 682 cardinem
2795 641 2931 702 per-

588 726 947 810 agentibus,
995 786 1000 789 ,
1034 724 1237 808 Cujus
1283 723 1548 787 vertices
1595 721 1947 801 extremo&
1997 745 2154 807 quos
2199 723 2366 787 circa
2381 719 2408 758 ³
2458 725 2731 808 sphaera
2777 726 2934 788 coeli

586 831 885 907 volvitur,
922 831 1100 914 polos
1130 840 1533 911 nuncupant,
1580 829 1833 912 glaciali
1864 830 2068 913 rigore
2099 831 2411 894 tabentes.
2471 833 2735 894 Horum
2765 850 2931 895 unus

587 939 667 1001 ad
709 935 1278 1021 septentrionalem
1324 935 1580 1018 plagam
1625 957 2015 1019 consurgens
2058 937 2299 1013 boreas,
2335 936 2498 1000 alter
2540 937 2828 1000 devexus
2872 938 2935 1000 in

587 1055 835 1107 austros
862 1053 1189 1124 terraeque
1213 1040 1541 1124 oppositus
1565 1041 1864 1105 australis
1887 1053 2169 1119 vocatur,
2195 1063 2387 1124 quem
2408 1041 2716 1105 interiora
2740 1043 2936 1106 austri

588 1149 904 1232 scriptura
933 1158 1153 1210 sancta
1182 1147 1496 1210 nominat.

759 1256 920 1337 Cap.
955 1254 1077 1316 VI.
1148 1254 1248 1315 De
1277 1252 1450 1316 varia
1481 1252 1823 1317 altitudine
1853 1253 2036 1317 coeli.
2100 1254 2255 1317 Non
2286 1264 2500 1317 autem
2531 1253 2618 1317 ita
2650 1256 2934 1318 mundus

589 1360 709 1423 hoc
751 1361 899 1443 polo
944 1358 1284 1423 excelsiore
1313 1382 1381 1423 se
1411 1360 1673 1435 attollit,
1708 1370 1785 1423 ut
1821 1360 2108 1443 undique
2139 1371 2480 1423 cernantur
2510 1361 2670 1423 haec
2703 1360 2930 1424 sidera.

589 1466 834 1529 Verum
863 1466 1084 1529 eadem
1113 1464 1472 1548 quibusque
1486 1464 1516 1498 ‘²
1547 1465 1853 1549 proximis
1885 1465 2257 1530 sublimiora
2285 1467 2654 1542 creduntur,
2686 1467 2936 1529 eadem·

589 1594 713 1654 que
757 1568 1083 1634 demersa⁵
1129 1570 1535 1653 longinquis;
1583 1583 1784 1655 utque
1815 1594 1991 1634 nunc
2020 1570 2313 1634 sublimis
2344 1571 2413 1633 in
2442 1568 2729 1656 dejectu⁸
2772 1571 2938 1656 posi·

590 1675 712 1741 tis⁷
751 1676 1003 1740 videtur
1032 1675 1136 1738 hie
1168 1688 1407 1753 vertex,
1444 1677 1533 1740 sic
1564 1676 1635 1739 in
1666 1678 1777 1741 illa
1807 1688 2009 1740 terrae
2039 1673 2440 1741 devexitate⁸
2484 1675 2938 1762 transgressis⁹

588 1782 701 1846 illa
731 1804 798 1845 se
828 1782 1156 1858 attollunt,
1192 1782 1620 1847 residentibus
1651 1806 1811 1867 quae
1842 1783 1950 1846 hic
1980 1783 2230 1846 excelsa
2257 1783 2533 1861 fuerant,
2569 1796 2939 1868 opponente

589 1911 658 1952 se
700 1898 921 1952 contra
965 1887 1206 1952 medios
1248 1888 1423 1952 visus
1467 1889 1659 1972 globo
1705 1900 2015 1953 terrarum
2045 1885 2289 1966 adeo,¹⁰
2332 1901 2408 1952 ut
2437 1891 2933 1972 septentrione8‚

590 2016 753 2079 quae
797 1993 982 2058 nobis
1022 2016 1060 2056 a
1103 1993 1336 2058 vertice
1371 1997 1677 2079 pendent,
1712 1995 1783 2057 in
1812 1996 2196 2079 quibusdam
2226 1995 2449 2059 Indiae
2479 1995 2635 2059 locis
2669 1996 2937 2080 quinde-

588 2099 716 2163 cim
748 2110 1002 2162 tantum
1031 2098 1102 2162 in
1132 2122 1303 2163 anno
1333 2100 1557 2165 diebus
1590 2098 2018 2188 appareantJ¹
2676 2167 2681 2175 ,

762 2208 922 2290 Cap.
959 2207 1119 2270 VII.
1206 2207 1306 2268 De
1356 2207 1532 2270 coelo
1584 2206 1928 2289 superiore.
2013 2207 2282 2271 Coelum
2326 2205 2673 2289 superioris
2717 2206 2939 2270 circuli

588 2313 844 2397 proprio
886 2311 1232 2376 discretum
1273 2313 1544 2375 termino
1586 2322 1651 2376 et
1692 2312 2061 2395 aequalibus
2098 2312 2383 2397 undique
2412 2311 2635 2396 spatiis
2670 2313 2935 2376 colloca-

592 2431 736 2483 tum
774 2418 1041 2482 virtutes
1086 2416 1374 2481 continet
1414 2417 1758 2501 angelicas,
1794 2441 1957 2501 quae
2000 2419 2080 2481 ad
2123 2440 2241 2481 nos
2287 2432 2594 2482 exeuntes
2639 2419 2937 2482 aetherea

590 2524 715 2589 sibi
753 2546 1026 2615 corpora·
1056 2534 1344 2600 sumunt,
1381 2533 1456 2586 ut
1483 2523 1734 2607 possint
1763 2522 2130 2587 hominibus
2162 2524 2358 2589 etiam
2387 2524 2457 2587 in
2486 2527 2736 2589 edendo
2768 2524 2935 2590 simi-

590 2632 732 2709 lari,
770 2632 1117 2713 eademque
1163 2629 1253 2693 ibi
1281 2651 1564 2693 reversae
1596 2627 2013 2714 deponunt.¹²
2073 2633 2221 2694 Hoc
2251 2633 2407 2695 deus
2438 2631 2622 2715 aquis
2654 2632 2937 2716 glaciali-

590 2740 711 2801 bus
760 2736 1156 2820 temperavit,
1191 2758 1274 2799 ne
1318 2734 1616 2799 inferiora
1649 2738 2057 2800 succenderet
2087 2738 2424 2825 elementa.
2489 2737 2751 2800 Dehinc
2783 2738 2937 2801 infe·

592 2843 726 2908 rius
772 2842 1020 2924 coelum
1064 2864 1196 2906 non
1233 2841 1558 2918 uniformi,
1597 2843 1708 2905 sed
1747 2842 2089 2927 multiplici
2130 2854 2311 2907 motu
2341 2838 2728 2921 solidavit,¹³
2773 2867 2935 2907 nun·

590 2972 834 3034 cupans
893 2948 1055 3011 illud
1113 2949 1594 3012 firmamentum
1646 2958 1903 3030 propter
1950 2949 2486 3013 sustentationem
2535 2949 2936 3032 superiorum

590 3077 925 3139 aquarum.

764 3161 926 3245 Cap.
962 3161 1131 3222 XII.
1211 3160 1311 3222 De
1354 3181 1544 3222 cursu
1587 3160 2014 3243 planetarum.
2097 3163 2279 3225 Inter
2322 3161 2574 3224 coelum
2615 3174 2931 3246 terrasque

591 3278 838 3352 septem
879 3267 1083 3331 sidera
1124 3266 1429 3349 pendent,
1465 3265 1652 3329 certis
1683 3265 1954 3330 discreta
1983 3265 2259 3350 spatiis,¹
2306 3289 2467 3350 quae
2498 3278 2818 3331 vocantur
2846 3290 2931 3331 er·

730 3604 762 3654 2
801 3618 934 3655 curu
1003 3604 1031 3653 3
1069 3602 1363 3657 isimsuidib

726 3692 760 3738 4
795 3686 917 3739 dam
1012 3692 1041 3739 5
1078 3687 1171 3740 isli
1259 3693 1289 3741 6
1324 3688 1515 3743 iniciul
1595 3694 1622 3743 7
1664 3707 1720 3744 .1.
1750 3690 2047 3745 hominibus
2132 3696 2162 3745 8
2198 3690 2432 3745 isindisli
2509 3696 2540 3745 9
2582 3692 2927 3745 tan-sacham·

594 3773 804 3841 thiaqat
890 3777 949 3827 10
987 3774 1095 3827 hisi
1116 3776 1222 3827 met
1244 3774 1544 3845 aeuidiqthe
1563 3777 1754 3846 globus
1781 3784 1952 3831 terrae
2038 3782 2093 3830 11
2133 3778 2386 3831 isamlaid
2406 3781 2488 3830 dm
2513 3777 2797 3831 cotaucbat
2817 3773 2925 3828 ‹1027›

591 3858 937 3912 residentibus
975 3878 1032 3913 .1.
1071 3860 1329 3913 sideribus
1368 3879 1424 3913 .1.
1463 3862 1784 3916 andusleicet
1818 3862 1948 3916 iana
1983 3862 2111 3915 rind
2146 3882 2203 3915 ,1,
2246 3863 2357 3916 iuis
2385 3881 2444 3915 .1.
2471 3863 2568 3915 isli
2597 3859 2927 3917 doibsomin·

578 3942 799 4010 sechtsa
822 3943 1013 3997 innahi
1033 3950 1225 4014 rapiar
1248 3946 1416 3999 ardda
1440 3947 1646 3999 dunnai

736 4033 797 4081 12
841 4048 898 4082 .1.
924 4032 1154 4099 fode-bat
1179 4050 1235 4084 .1.
1264 4033 1467 4086 caelum
1542 4037 1600 4085 13
1632 4033 1709 4104 (in
1733 4032 1929 4105 marg.)
1959 4033 2039 4086 ise<
2056 4032 2333 4103 multiplex
2356 4037 2530 4086 motus
2554 4031 2767 4087 inriuth
2788 4035 2922 4086 retae

592 4114 721 4167 inna
745 4115 1120 4171 azindrethcka
1143 4118 1200 4169 in
1223 4119 1552 4172 contrarium
1577 4126 1763 4173 contra
1787 4122 1846 4172 εέ
1866 4125 1892 4172 7
1920 4119 2133 4186 arrizcth
2157 4119 2365 4172 aicneta
2374 4118 2592 4188 fidesin

734 4202 866 4273 (180)
936 4206 956 4253 1
990 4202 1069 4271 (in
1092 4204 1287 4275 marg.)
1318 4202 1432 4255 hita<
1449 4204 1625 4273 spatia
1649 4205 1934 4273 narreefil
1956 4207 1989 4257 ά
2019 4210 2160 4258 terra
2185 4222 2348 4274 usque
2369 4206 2440 4257 ad
2461 4204 2618 4257 XII.
2645 4202 2798 4273 sayna
2821 4201 2924 4256 112·oe

589 4288 724 4342 soni.
757 4288 883 4342 tom'.
912 4289 1153 4341 comlana
1177 4290 1246 4343 rl.
1276 4289 1389 4342 kite'
1418 4289 1707 4343 interualla
1732 4289 1824 4342 im.
1853 4290 2174 4359 deferentiae
2202 4295 2228 4342 7
2255 4291 2487 4360 niliayat
2509 4288 2689 4342 saidai
2707 4289 2822 4342 sech
2842 4303 2919 4339 sa-

594 4376 741 4427 tecirn
778 4392 902 4428 suas
931 4380 993 4426 ut
1016 4374 1225 4444 plinius
1258 4374 1388 4428 dicit
1407 4375 1478 4446 νῑ.
1498 4374 1674 4445 plinio
1701 4381 1855 4428 tomis
1878 4381 1955 4429 est
1977 4377 2209 4446 spatium
2232 4394 2350 4428 cum
2377 4375 2612 4445 lcqitima
2632 4371 2920 4445 'quantitate

590 4459 747 4509 certis
777 4458 964 4527 spatiis
992 4479 1048 4513 .1.
1080 4465 1233 4513 tonus
1267 4460 1407 4515 inter
1445 4465 1643 4514 terram
1670 4464 1696 4512 7
1724 4462 1906 4515 lunam
1928 4462 1998 4515 rl.
2026 4461 2194 4515 ise'cen
2219 4460 2462 4514 corrobat
2484 4459 2631 4514 indib
2654 4479 2746 4514 sex
2768 4459 2916 4512 inter·
