3150 5242
546 438 671 499 576
1045 437 1165 499 IV.
1204 442 1262 498 2.
1330 458 1892 502 PRAnPosmIoNEs
1924 459 2360 502 HIBERNICAE.

543 608 883 686 (unquam)
914 605 1001 686 fq.
1043 606 1291 669 bezcoat
1320 610 1707 695 (nunquam)
1748 614 1888 683 160,
1929 615 2032 670 90.
2063 606 2444 691 ραὶίίόαζηαη
2477 610 2725 693 (simul)
2761 620 2865 689 50,

545 715 646 771 23.
691 716 831 784 130,
871 716 929 770 6.
971 716 1116 785 200,
1159 718 1257 772 14.

1190 1226 1535 1296 CAPUT
1605 1228 2200 1297 SECUNDUM.

1280 1427 1394 1497 De
1431 1429 2115 1520 praepositionibus

707 1627 876 1689 Sunt
917 1625 1434 1708 praepositioneS,
1470 1626 1915 1707 praecedentes
1962 1626 2358 1689 substantiva
2409 1625 2617 1709 posita
2658 1626 2726 1687 in
2765 1649 2865 1689 ca-

534 1732 711 1793 sibus
766 1730 1068 1811 obliquis,
1130 1730 1198 1790 in
1266 1730 1502 1812 linguis
1556 1730 1794 1791 celticis
1852 1741 1964 1792 aut
2024 1732 2394 1814 propriae
2457 1742 2520 1792 et
2584 1730 2863 1812 singula-

534 1859 655 1911 reS,
693 1846 805 1896 aut
848 1835 1356 1909 nominaleS‚
1393 1835 1494 1897 vel
1537 1835 1957 1911 substantiva,
2006 1836 2115 1897 vix
2158 1836 2488 1919 adjectiva,
2526 1857 2687 1919 quae
2733 1858 2864 1897 una

532 1962 683 2001 cum
736 1939 1005 2021 propriis
1059 1939 1629 2022 praepositionibus
1673 1939 2057 2002 adhibentur
2102 1952 2177 2002 ut
2220 1940 2594 2023 singulares.
2660 1941 2862 2002 Casus

532 2044 795 2126 obliqui,
826 2066 980 2126 quos
1011 2055 1243 2126 regunt
1272 2044 1580 2127 propriae,
1611 2055 1763 2105 sunt
1795 2054 2047 2106 tantum
2070 2045 2319 2106 dativus
2350 2055 2413 2106 et
2436 2044 2856 2119 accusativus,

531 2149 600 2211 in
645 2150 867 2230 lingua
908 2148 1232 2210 hibernica
1269 2159 1519 2233 vetusta
1549 2158 1719 2210 certo
1751 2148 1959 2210 adhuc
1989 2171 2112 2210 usu
2142 2148 2414 2211 discreti.
2479 2149 2539 2210 A
2569 2150 2861 2211 substan-

533 2253 678 2314 tivis
707 2253 1129 2315 nominalium
1157 2254 1291 2335 regi
1318 2254 1695 2336 genitivum,
1732 2275 1862 2314 non
1893 2264 2011 2328 est,
2047 2256 2215 2337 quod
2245 2264 2599 2317 moneatur.

1501 2503 1875 2517 ————=-—-·

914 2762 978 2830 Ι.
1088 2758 1845 2849 Praepositiones
1909 2758 2464 2829 hibernicae.

1046 2959 1126 3019 A.
1194 2954 1873 3037 Praepositiones
1926 2956 2323 3046 propriae.

695 3146 865 3207 Sunt
892 3141 1362 3224 monosyllabae
1392 3140 1492 3201 vel
1523 3139 1890 3221 bisyllabae,
1928 3163 2197 3222 quarum
2228 3165 2359 3204 una
2388 3165 2533 3225 pars
2566 3143 2728 3225 regit
2759 3165 2853 3205 se-

521 3249 775 3333 quentis
820 3245 1202 3311 substantivi
1245 3256 1357 3306 aut
1400 3245 1688 3306 dativum
1736 3255 1848 3306 aut
1890 3247 2341 3323 accusativum,
2376 3270 2491 3330 pro
2537 3247 2853 3330 significa-

520 3356 692 3418 tione
723 3375 859 3428 sua,
890 3352 1129 3414 scilicet
1158 3349 1388 3433 quietis
1418 3350 1487 3411 in
1517 3350 1655 3412 loco
1686 3350 1788 3410 vel
1810 3350 2107 3412 motionis
2132 3352 2201 3413 in
2226 3352 2458 3428 locum,
2486 3374 2631 3435 pars
2656 3353 2854 3414 altera

521 3461 727 3523 solum
757 3458 1065 3531 dativum,
1107 3455 1291 3518 tertia
1326 3455 1533 3516 solum
1562 3453 2015 3516 accusativum.
2083 3456 2451 3520 Secundum
2482 3457 2655 3518 hunc
2685 3456 2851 3518 ordi-

519 3581 666 3627 nem
707 3572 1162 3626 enumerantur
1189 3559 1316 3634 hic,
1353 3558 1598 3620 ratione
1627 3569 1949 3640 praeterea
1979 3559 2197 3621 habita
2225 3561 2540 3622 vocalium
2568 3560 2666 3622 vel
2700 3581 2848 3634 con-

519 3691 837 3743 sonarum,
874 3690 911 3728 a
942 3668 1172 3748 quibus
1202 3664 1586 3726 inchoantur
1615 3663 1715 3724 vel
1744 3662 2080 3724 finiuntur.

697 3781 753 3835 1.
815 3768 1482 3853 Praepositiones
1528 3789 1705 3829 cum
1749 3766 2019 3829 dativo
2064 3778 2142 3829 et
2184 3768 2692 3831 accusativo:
2743 3790 2841 3842 ar,

518 3881 608 3955 in,
626 3879 736 3961 fc,
754 3879 901 3961 for,
940 3898 1051 3937 con
1084 3877 1230 3956 (co),
1270 3873 1476 3935 imme.
1544 3874 1715 3935 Usus
1759 3892 2022 3933 casuum
2062 3872 2244 3950 idem,
2274 3882 2391 3948 cst,
2439 3872 2550 3955 qui
2597 3873 2666 3933 in
2706 3871 2848 3933 aliis

514 3983 787 4066 linguiS,
836 3979 1032 4043 dativi
1088 3980 1169 4040 ad
1212 3978 1678 4060 designandum
1713 3986 1961 4037 statum
2005 3976 2273 4058 quietis,
2321 3977 2663 4039 accusativi
2703 3986 2849 4057 post

515 4090 704 4151 verba
734 4099 979 4148 motum
1009 4082 1434 4165 designantia.

687 4193 833 4265 AR,
885 4210 1031 4250 cum
1070 4186 1550 4270 pronominibus
1598 4184 1845 4247 suffixis
1886 4186 2051 4247 AIR
2092 4185 2414 4248 interdurn
2455 4186 2610 4259 ER,
2658 4195 2731 4246 ut
2775 4184 2844 4245 in

515 4294 968 4377 compositione
997 4293 1180 4367 AIR,
1218 4293 1359 4366 ER,
1393 4293 1491 4352 IR
1524 4294 1586 4371 (e
1616 4299 1867 4352 vetusta
1910 4290 2111 4352 forma
2152 4292 2379 4373 gallica
2411 4312 2571 4364 are-,
2604 4300 2666 4350 et
2696 4288 2844 4350 inde

514 4401 803 4462 inficiens
836 4407 1167 4479 sequentes
1198 4417 1527 4470 consonaS,
1556 4418 1623 4477 p.
1648 4403 1706 4455 6.
1736 4398 1906 4473 196),
1935 4417 2048 4476 pro
2073 4407 2341 4476 utroque
2365 4415 2516 4456 casu
2539 4415 2576 4453 a
2600 4392 2841 4473 signifi-

514 4503 759 4565 catione
782 4502 968 4563 locali
989 4500 1287 4583 primaria
1313 4501 1452 4580 (lat.
1483 4503 1590 4575 ad,
1621 4500 1816 4580 apud,
1845 4521 2042 4581 germ.
2076 4499 2192 4574 bei,
2224 4502 2336 4581 an)
2362 4497 2749 4561 abstrahitur
2771 4497 2840 4557 in
