3150 5242
631 338 751 402 VI.
789 343 860 401 2.-
909 354 1354 402 οοΝεΤΒυοΤΙο
1384 357 1662 403 romum
1694 357 2090 401 ΗΙΒΕΒΝΙΟΑ.
2399 335 2526 398 935

226 512 506 587 Cingulum
546 512 778 570 viminis
820 513 1118 588 cingulum
1161 532 1359 571 meum
1399 520 1601 571 contra
1640 514 1909 570 morbum
1948 517 2011 569 et
2048 484 2281 581 curam}
2319 515 2519 568 contra

701 615 1110 674 fascinationes
1140 616 1453 674 mulierum
1482 616 1636 672 erica
1664 615 1780 671 fert
1804 614 1949 672 mihi
1979 612 2367 671 commodum.

224 716 503 790 Cingulum
543 716 665 773 avis
708 717 1006 792 cingulum
1045 737 1260 787 meum,
1299 718 1567 793 permisit
1609 717 1809 775 sedem
1851 734 2092 790 puram;
2140 715 2326 775 malae
2356 716 2514 772 viro-

703 837 834 875 rum
862 819 999 889 irae,
1037 821 1223 877 bonae
1252 820 1563 877 mulierum
1593 818 2026 877 fascinationes.

217 1031 313 1089 ota,
349 1026 392 1079 si
428 1033 524 1091 est,
568 1031 622 1079 ta
661 1025 751 1095 (de
785 1026 957 1078 forma
991 1026 1135 1095 sing.
1168 1032 1253 1091 ta,
1292 1033 1384 1080 ata
1418 1035 1543 1081 ante
1579 1028 1721 1097 plur.
1762 1028 1831 1080 cf.
1870 1046 1925 1098 p.
1955 1028 2076 1098 885)
2117 1045 2241 1081 cum
2265 1029 2406 1098 conj.
2446 1047 2509 1085 ο.-

216 1111 364 1175 mind,
402 1111 540 1180 plur.
582 1129 615 1164 a
652 1112 836 1175 mend,
888 1112 1018 1164 hod.
1070 1130 1287 1175 mecum,
1330 1112 1519 1175 hoedi,
1558 1119 1695 1183 puto
1735 1112 1903 1183 pelles
1957 1113 2146 1177 hoedi,
2188 1114 2510 1167 substratae.

217 1195 343 1249 Gael.
368 1202 592 1261 mearent,
635 1196 877 1261 mentha,
917 1213 1220 1265 supponere
1254 1197 1362 1260 hic,
1391 1197 1477 1250 vel
1514 1215 1678 1266 supra
1713 1198 1833 1251 voci
1850 1198 2076 1268 finndz'n
2111 1197 2249 1267 gael.
2278 1198 2508 1265 sionem,

214 1282 343 1346 vitis,
389 1300 495 1334 non
543 1282 742 1336 audeo.
772 1281 1028 1351 fimieain
1075 1298 1201 1350 gen.
1252 1282 1425 1334 subst.
1474 1281 1604 1334 hod.
1641 1283 1922 1350 feamain,
1959 1283 2284 1350 seamuinn,
2331 1282 2508 1347 fucus,

210 1366 327 1436 alga.
373 1367 600 1437 Campus
624 1366 821 1420 Femin
857 1365 915 1419 in
941 1365 1208 1418 Hibernia
1242 1366 1551 1437 frequenter
1589 1376 1915 1422 memoratur
1953 1368 2009 1419 in
2045 1369 2179 1420 actis
2204 1375 2513 1420 sanctorum
2575 1413 2582 1419 ,

209 1452 594 1505 hibernicorum.
631 1453 822 1521 μαῖαν,
860 1450 1113 1514 morbus;
1153 1469 1262 1515 ces,
1302 1451 1430 1503 hod.
1473 1469 1618 1515 ceas,
1660 1464 1804 1516 cura,
1844 1452 2084 1504 tristitia.
2121 1458 2268 1520 apta,
2309 1452 2509 1520 uptaz'b,

208 1536 346 1606 plur„
382 1538 797 1601 fascinationes;
837 1554 923 1607 ap.
965 1534 1104 1588 O’R.
1142 1536 1281 1605 sing.
1318 1536 1502 1604 uptha,
1542 1535 1845 1588 fascinatiO.
1888 1535 2165 1588 bamhbetlt
2198 1536 2333 1588 mira
2370 1553 2511 1588 com-

141 1656 147 1663 ·
206 1623 377 1690 positio
408 1623 753 1676 assonantiae
788 1620 1013 1674 initialis
1050 1620 1437 1673 consociandae
1476 1638 1669 1684 causa3
1702 1629 1786 1674 est
1817 1621 1965 1674 enim
2002 1622 2115 1685 ben,
2147 1622 2266 1686 ban,
2296 1622 2510 1687 mulier,

206 1707 413 1778 itemque
450 1709 587 1772 beth,
630 1706 767 1760 hod.
796 1706 871 1769 be,
901 1706 998 1758 sed
1035 1705 1153 1758 beth
1191 1705 1247 1757 in
1281 1723 1456 1776 comp.
1484 1714 1539 1759 et
1575 1706 1745 1760 deriv.
1786 1706 2259 1774 betheiyneachadh
2289 1706 2416 1775 (vet.
2448 1736 2509 1746 —

205 1793 415 1863 deniqud)
435 1834 448 1858 ,
489 1800 745 1863 stuprum
792 1789 1119 1853 violentum,
1167 1790 1440 1853 betheun-h,
1484 1789 1841 1843 effeminatus.
1880 1792 2132 1859 asraech,
2154 1792 2355 1860 sraech
2390 1809 2511 1844 cum

203 1878 333 1930 artic.
359 1896 479 1948 gen.
508 1884 715 1940 neutr.,
730 1874 921 1943 srdich
948 1875 1041 1943 Sg.
1077 1874 1149 1945 (p.
1180 1876 1322 1944 890),
1352 1875 1482 1927 hod.
1508 1877 1743 1943 sraoch,
1783 1877 1924 1929 erica
1963 1877 2221 1946 vulgaris.
2260 1878 2510 1942 adamles,

199 1963 336 2032 juvat
376 1982 489 2027 me,
531 1981 659 2015 cum
710 1978 865 2030 pron.
907 1960 1074 2012 infixo
1111 1977 1274 2023 -am-,
1316 1959 1362 2012 si
1399 1960 1624 2013 verbum
1657 1960 1764 2013 fuit
1797 1963 1971 2020 aelle-n
2015 1962 2110 2015 sed
2144 1962 2397 2033 frequens
2433 1971 2516 2017 est

203 2047 352 2101 subst.
378 2049 446 2101 les
474 2048 548 2118 (p.
568 2049 719 2117 438),
747 2045 876 2098 hod.
907 2046 1031 2108 lea-5,
1062 2044 1421 2109 commodum,
1450 2062 1519 2096 an
1535 2045 1790 2113 junctum
1815 2047 1904 2098 hic
1930 2065 2052 2099 cum
2078 2049 2241 2101 verbo
2267 2049 2516 2103 substan-

203 2132 298 2185 tivo
320 2138 423 2197 ata,
451 2133 600 2186 ada?
640 2132 775 2197 eoin,
804 2133 934 2198 avis,
963 2151 1088 2203 gen.
1118 2132 1291 2185 subst.
1319 2133 1384 2182 dn
1412 2130 1487 2203 (p.
1518 2131 1626 2199 24).
1654 2131 1821 2199 rale'q,
1849 2133 2108 2202 permisit,
2138 2133 2177 2185 i.
2205 2152 2256 2187 e.
2281 2136 2507 2206 paravit,

202 2216 370 2281 effecit,
399 2218 580 2270 sedem
618 2234 811 2287 puram
852 2219 920 2270 ab
958 2217 1169 2270 insidiis
1210 2218 1449 2270 virorum
1485 2221 1541 2267 et
1562 2214 1882 2268 mulierum:
1922 2216 2094 2269 malae
2118 2218 2228 2272 irae
2254 2220 2511 2285 virorum,

200 2300 352 2355 bonae
386 2303 671 2356 illecebrae
709 2302 1046 2365 feminarum,
1078 2302 1238 2354 credo
1273 2302 1583 2355 addendum
1620 2307 1799 2364 sunt0,
1829 2318 1939 2352 non
1964 2318 2050 2354 me
2076 2308 2327 2372 tangunt.
2355 2306 2513 2370 widi,

200 2403 327 2439 nom.
343 2388 503 2451 sutile,
523 2388 699 2440 sedes.
718 2387 859 2451 daia,
880 2387 1010 2451 aoid,
1029 2388 1067 2439 i.
1084 2405 1132 2439 e.
1161 2386 1302 2451 daid,
1320 2386 1439 2438 said
1460 2385 1545 2440 vel
1570 2385 1708 2449 doid,
1725 2385 1855 2450 soid,
1875 2385 1978 2438 sibi
1995 2388 2245 2456 opposita
2271 2390 2344 2459 (p.
2367 2392 2510 2460 832),

198 2470 310 2523 hod.
335 2472 542 2525 hibern.
572 2472 685 2542 adj.
713 2472 843 2538 suoi,
871 2473 1066 2535 bonuS,
1096 2473 1269 2525 subst.
1297 2471 1434 2535 daoi,
1463 2471 1594 2535 fera,
1622 2470 1769 2524 ferus
1803 2470 1982 2535 homo,
2014 2471 2109 2524 sed
2143 2473 2283 2541 gael.
2311 2475 2513 2541 saoidln,

197 2556 384 2624 daot'cih,
412 2559 610 2621 bonus,
629 2558 821 2611 malus.
834 2559 1007 2626 ser-qa
1029 2556 1191 2627 plur„
1210 2556 1339 2608 hod.
1353 2557 1541 2626 seam,
1570 2556 1668 2619 ira,
1690 2555 1890 2608 inWb.
1904 2557 2050 2625 fere,
2065 2557 2222 2625 ferce
2245 2562 2513 2633 ===ser99.

200 2644 411 2709 nathir,
439 2644 709 2697 nathrach
727 2643 812 2712 (p.
844 2643 987 2712 275).
1015 2637 1183 2694 'imdca'
1199 2642 1363 2710 juxta
1387 2640 1676 2692 imacua'irt
1694 2659 1791 2710 pro
1817 2643 2036 2706 ιἠιααίά,
2068 2642 2267 2696 circum
2294 2654 2393 2698 est.
2421 2651 2515 2699 αά-

202 2736 460 2797 ramqonat
493 2725 580 2782 est
617 2729 673 2781 in
705 2715 913 2798 apogr„
944 2728 1041 2779 sed
1064 2726 1371 2796 postulatur
1394 2727 1767 2793 ndramqonat,
1795 2745 1864 2779 ne
1889 2745 1973 2779 me
1999 2726 2301 2792 vulnerent,
2332 2736 2518 2785 tenore

202 2815 495 2866 sententiae.
519 2813 655 2882 fair
691 2813 747 2864 in
783 2829 969 2882 apogr.
999 2819 1122 2864 cum
1155 2818 1360 2881 puncto
1398 2810 1612 2863 delente
1650 2827 1813 2879 super
1847 2829 1897 2874 α,
1928 2828 2058 2879 ergo
2074 2815 2166 2880 fir
2189 2812 2330 2881 plur.
2360 2831 2518 2868 nara-

200 2897 350 2951 millet
378 2917 474 2968 pro
513 2897 906 2960 nar-ammiud,
949 2896 1374 2958 nar-am-millet,
1404 2912 1436 2948 a
1472 2895 1682 2958 millsm,
1716 2897 1902 2965 perd0,
1931 2897 2109 2949 ruino.
2139 2899 2352 2949 romdra
2387 2898 2517 2953 item

200 2997 284 3050 pro
315 2986 649 3037 ro-m-mdra.
700 2983 767 3035 In
804 2982 923 3036 aliis
959 2981 1121 3034 etiam
1158 3000 1211 3032 m
1247 2979 1583 3050 pronominis
1618 2979 1776 3033 infixi
1806 2980 2066 3034 suffocata
2102 2982 2334 3047 videtur,
2364 2992 2429 3038 ut
2462 2986 2519 3039 in

204 3065 433 3119 time-ellae
473 3085 641 3138 supra
677 3073 733 3120 et
771 3067 828 3119 in
854 3068 1041 3140 imdtq'.
1054 3065 1265 3134 somdir
1290 3068 1455 3117 una'ta'
1480 3065 1536 3117 in
1562 3082 1750 3134 apogr.
1781 3066 1903 3135 lego
1929 3067 2058 3119 item
2084 3068 2249 3120 ima'ta'
2265 3088 2282 3126 ,·
2306 3071 2519 3137 somdir

202 3148 308 3202 adv.
334 3152 437 3221 adj.
465 3154 588 3204 νηόν
621 3169 744 3204 cum
763 3153 853 3219 so,
883 3158 947 3204 ut
981 3150 1206 3217 in'sodi,
1221 3151 1411 3218 sethri
1436 3149 1510 3220 (p.
1539 3150 1685 3219 315),
1714 3168 1810 3220 pro
1837 3169 1945 3221 quo
1971 3153 2102 3206 alias
2128 3162 2211 3208 est
2235 3157 2290 3208 in
2315 3157 2401 3210 vel
2426 3177 2521 3211 con
2617 3189 2637 3228 ·.

206 3231 271 3301 (p.
299 3239 409 3288 562.
440 3237 589 3307 563).
631 3236 770 3300 brut,
796 3242 1150 3299 momentum,
1179 3234 1325 3287 unde
1362 3234 1547 3297 breue,
1578 3242 1986 3289 momentaneus
2016 3238 2091 3307 (p.
2115 3239 2257 3308 765).
2267 3241 2527 3306 fos-arabi

202 3329 286 3385 pr'o
320 3327 425 3373 vet.
448 3319 759 3388 so-s·ro-bi,
788 3327 958 3390 praet.
988 3319 1138 3373 verbi
1147 3318 1412 3399 sebenias,
1425 3318 1690 3388 fuibnim,
1727 3319 1946 3373 succido
1976 3321 2051 3390 (p.
2079 3322 2224 3391 430),
2253 3325 2451 3378 amissa
2486 3346 2524 3379 n

203 3407 258 3452 ut
288 3402 340 3455 in
373 3405 576 3457 docbrbi
600 3404 695 3474 (gl.
726 3405 982 3475 concidit)
1012 3405 1106 3473 Sg.
1137 3404 1246 3466 60¹0,
1276 3403 1333 3456 in
1373 3405 1501 3469 ίόόε,
1532 3404 1739 3468 imolae,
1769 3404 1998 3457 imdibed
2023 3407 2097 3476 (p.
2129 3410 2245 3458 853.
2278 3405 2421 3480 854).
2449 3413 2517 3476 ri,
2590 3408 2595 3413 ’

206 3488 265 3548 ri,
303 3505 433 3557 quae
469 3489 696 3558 scriptio
740 3490 901 3542 etiam
939 3489 997 3541 in
1035 3506 1144 3540 uno
1179 3488 1300 3541 loco
1324 3489 1453 3541 Wb.
1483 3492 1607 3541 28⁸2
1645 3486 1723 3540 rii
1756 3490 2039 3546 trembethe
2066 3491 2141 3560 (p.
2173 3495 2291 3564 850)
2335 3494 2522 3549 adesse

204 3561 412 3638 fidetm,
440 3591 542 3644 pro
582 3576 669 3641 riq
696 3574 770 3643 (p.
801 3577 886 3626 25.
915 3575 1071 3643 280);
1113 3574 1191 3626 ita
1222 3573 1403 3636 etiam,
1434 3580 1489 3626 et
1523 3573 1864 3626 assonantiae
1902 3587 2079 3640 causa,
2109 3579 2418 3646 putandum
2442 3591 2523 3635 est
2625 3622 2630 3627 .

205 3655 337 3706 muln·
364 3659 604 3728 positum
642 3657 761 3711 loco
798 3659 1003 3711 mubith
1048 3660 1131 3729 (ut
1168 3659 1298 3711 hod.
1342 3658 1430 3722 be,
1473 3658 1683 3723 mulier,
1726 3675 1824 3728 pro
1862 3659 2000 3730 beth)
2024 3699 2037 3724 ‚
2067 3663 2304 3716 mundus
2337 3682 2517 3730 meus3

205 3741 369 3809 magni
415 3744 561 3796 enim
611 3742 986 3796 aestimaverat
1032 3761 1118 3800 res
1165 3743 1314 3807 illas,
1355 3761 1493 3813 quae
1540 3760 1662 3796 eum
1698 3745 1768 3796 ad
1803 3743 1986 3797 stellas
2022 3745 2403 3799 sublimarunt.
2427 3751 2523 3816 so-

206 3825 495 3891 trochlanib‚
528 3827 585 3878 in
623 3844 811 3896 apogr.
837 3828 1170 3895 fotrochlaib
1208 3845 1330 3880 cum
1368 3827 1513 3881 linea
1548 3845 1711 3896 super
1747 3847 1799 3880 α.
1851 3828 2018 3898 Apud
2042 3828 2181 3882 O’R.
2210 3832 2319 3901 adj.
2352 3835 2522 3886 troch-

206 3904 328 3974 zadi»,
354 3912 623 3983 putriduS,
656 3912 1053 3980 trochluyhadh,
1078 3912 1408 3984 profanati03
1440 3913 1837 3982 conjiciendum
1863 3931 1929 3966 ex
1953 3913 2038 3966 his
2063 3914 2235 3967 subst.
2262 3918 2520 3972 t’roclzlcm.

190 3990 419 4054 socoelan
449 4015 581 4050 mox
621 4005 703 4049 est
726 3998 781 4050 in
806 4014 994 4066 apogr.
1025 4015 1148 4050 cum
1172 3997 1328 4067 signo
1354 3998 1697 4069 aspirationis
1721 3997 1778 4049 in
1805 4005 2031 4066 utraque
2055 4015 2100 4061 c,
2131 4016 2356 4069 quarum
2382 4003 2523 4071 prio-

204 4090 302 4130 rem
324 4085 500 4135 tamen
526 4099 637 4133 non
662 4081 870 4134 haesito
896 4089 1104 4134 mutare
1129 4082 1185 4134 in
1215 4087 1251 4146 t,
1276 4100 1399 4134 cum
1422 4082 1579 4135 valde
1604 4081 1804 4135 similes
1829 4081 1939 4133 sint
1962 4082 2064 4133 hae
2090 4082 2277 4137 literae
2302 4085 2359 4137 in
2379 4087 2525 4140 codi-

205 4159 339 4217 cibus
374 4175 427 4221 et
461 4167 661 4222 existat
684 4165 901 4218 nonnisi
929 4165 1073 4217 verb.
1105 4166 1387 4230 mimium,
1410 4165 1577 4231 fodio,
1602 4184 1669 4219 ex
1695 4184 1803 4236 quo
1829 4184 2001 4236 praes.
2036 4167 2257 4221 secund.
2272 4170 2525 4235 sochoch-

205 4243 299 4312 lan,
327 4252 698 4315 suffodiebam,
726 4268 849 4305 cum
872 4268 966 4301 -an
992 4267 1088 4321 pro
1114 4257 1329 4303 vetusto
1356 4250 1453 4303 -in,
1491 4252 1571 4304 M
1564 4253 1831 4306 ucholmoc
1856 4251 1912 4302 in
1938 4268 2125 4321 apogr.
2156 4238 2432 4321 quaeritur
2456 4272 2527 4309 an

205 4328 267 4382 sit
298 4337 614 4390 mutandum
651 4337 708 4389 in
733 4336 1111 4388 Muclwemoc:
1146 4333 1301 4405 “ejus
1339 4353 1536 4389 nomen
1575 4337 1809 4407 primum
1854 4335 2121 4404 Coemqin,
2153 4336 2279 4389 dein
2313 4355 2409 4407 per
2446 4340 2525 4392 di-

201 4410 473 4475 lectionem
513 4422 885 4484 Blochoemoe,
927 4411 1074 4489 quod
1111 4419 1278 4480 latine
1317 4420 1516 4475 dicitur
1549 4409 1695 4473 meus
1723 4420 1950 4488 pulcher
1967 4415 2240 4485 juvem‘sf‘
2306 4420 2428 4473 Vita
2466 4424 2520 4478 S.
