3150 5242
665 367 789 427 944
1092 364 1214 428 VI.
1253 368 1314 425 2.
1379 380 1827 426 cons‘mwc'rlo
1858 381 2137 424 Por-:rma
2167 378 2558 427 HIBERNICA.

663 533 933 596 matium
973 533 1093 595 hoc
1126 533 1195 596 S.
1234 531 1511 595 Patricio
1556 530 1969 613 adscriptum,
2006 532 2177 614 quod
2205 554 2240 594 e
2270 531 2483 595 codice
2509 529 2759 614 proprio
2788 551 2967 611 quon-

662 642 811 702 dam
857 638 1133 701 Mariani
1175 638 1348 701 Scoti
1396 636 1584 718 (obiit
1625 660 1700 723 a„
1727 639 1919 717 1088)
1965 659 2140 699 nunc
2180 637 2601 700 bibliothecae
2644 636 2970 700 Vaticanae

663 747 732 807 in
776 744 1131 807 imitatione
1172 743 1520 825 scripturae
1561 741 1794 805 codicis
1837 742 2038 824 ipsius
2079 742 2313 826 legitur
2349 765 2453 827 ap.
2489 745 2697 807 Pertz.
2732 742 2800 805 in
2828 752 2965 805 tom.

662 852 799 916 VII
831 862 895 913 et
927 849 1143 913 tabula
1172 848 1388 911 addita
1416 849 1496 911 ad
1525 870 1592 931 p.
1632 853 1745 909 481
1776 869 1792 910 :

916 974 981 1029 ol
1043 978 1212 1029 dtroec

745 1076 805 1132 A
844 1070 852 1155 Ι
894 994 1072 1149 briqli't
1099 1071 1528 1143 andebchallech
1563 1066 1584 1154 ΙΙ
1618 1093 1654 1129 α
1691 1067 1702 1154 Ι
1743 1073 1872 1131 ὂνέο
1903 1073 1994 1131 dir
2022 1073 2349 1132 donadeseb

748 1176 931 1234 tricha
969 1173 980 1253 Ι
1021 1175 1251 1232 ὂῖἱαάαη
1275 1173 1645 1249 qenchredem
1679 1168 1699 1255 ΙΙ
1747 1171 1756 1255 Ι
1795 1174 2042 1233 bennach
2073 1180 2242 1234 breme
2270 1176 2560 1234 darmese.

746 1273 757 1359 Ι
790 1278 1062 1336 Bennaeh
1093 1281 1261 1334 brenn
1292 1275 1352 1332 in
1384 1276 1619 1331 ceckdu.
1660 1270 1742 1358 ΙΙΙ
1778 1275 2025 1334 bennae-h
2056 1277 2188 1334 ullu
2217 1297 2271 1335 es
2301 1277 2602 1335 conachtu.

745 1377 756 1462 Ι
793 1380 1040 1438 bennae-h
1076 1378 1273 1454 laqniu
1305 1377 1365 1434 in
1397 1378 1648 1434 cechtan.
1689 1373 1709 1459 ΙΙ
1744 1399 1877 1435 acus
1915 1375 1925 1459 Ι
1967 1378 2087 1439 bith
2125 1375 2136 1458 Ι
2177 1378 2425 1437 bennae-h
2440 1381 2575 1455 firu
2603 1397 2852 1437 muman.
2871 1374 2900 1410 ³*

655 1661 918 1726 regnante
954 1654 1011 1706 in
1046 1651 1294 1705 Temoria
1326 1668 1557 1721 regnum
1597 1651 1896 1707 Hiberniae
1921 1652 2327 1737 Murchiartach
2367 1671 2485 1707 mac
2517 1654 2652 1718 Ere,
2692 1649 2968 1705 felicissime

657 1738 845 1794 obiit.‘'

792 1825 1106 1878 Produntur
1131 1823 1292 1876 etiam
1316 1841 1502 1877 versus
1527 1824 1784 1894 adscripti
1811 1824 1868 1877 S.
1895 1824 2131 1877 Patricio
2156 1824 2214 1876 in
2237 1823 2365 1876 Vita
2389 1824 2446 1878 S.
2474 1824 2711 1877 Declani
2733 1842 2819 1894 ap.
2845 1820 2967 1875 Boll.

654 1912 688 1965 J
691 1910 766 1964 ul.
796 1914 845 1974 5,
877 1912 1009 1962 602:
1056 1906 1328 1962 “Sanetus
1366 1909 1634 1962 Patricius
1669 1908 2066 1979 archipontifex
2103 1915 2159 1961 et
2190 1916 2451 1979 patronus
2492 1910 2666 1963 totius
2701 1907 2969 1963 Hiberniae

658 2014 872 2049 versum
907 2001 1222 2064 sequentem
1258 1994 1460 2048 scotica
1482 1993 1674 2063 lingua
1697 1992 1851 2062 quasi
1876 1993 2150 2063 quoddam
2174 1993 2451 2046 oraculum
2474 1993 2722 2064 vigorem
2745 1994 2871 2064 legis
2891 1992 2970 2044 ha-

653 2082 788 2134 bens
813 2081 890 2133 eis
915 2079 1169 2134 cantavit.
1212 2080 1390 2138 Quem
1414 2097 1630 2134 versum
1654 2077 1857 2130 familia
1880 2077 2053 2130 sancti
2074 2077 2236 2130 Albei
2261 2086 2317 2130 et
2340 2077 2546 2131 familia
2571 2079 2745 2133 saneti
2767 2075 2968 2132 Declani

654 2165 948 2218 noluerunt
971 2181 1067 2234 pro
1087 2181 1144 2217 se
1166 2163 1253 2217 vel
1270 2164 1572 2234 rhythmice
1591 2181 1686 2216 seu
1701 2162 1923 2215 metrice
1941 2162 1998 2215 in
2015 2162 2272 2215 Latinum
2289 2163 2447 2216 verti.
2482 2163 2562 2216 Et
2576 2164 2793 2235 majoris
2808 2169 2967 2215 aucto-

652 2251 829 2304 ritatis
865 2250 916 2304 ei
951 2248 1319 2302 conciliandae
1357 2249 1533 2318 gratia
1571 2247 1727 2301 illum
1763 2247 1979 2318 proprio
2020 2253 2076 2300 et
2109 2248 2367 2316 genuinO,
2398 2266 2504 2318 quo
2529 2249 2902 2319 pronuntiatus
2923 2254 2968 2298 et

654 2335 982 2406 compositus
1017 2343 1100 2388 est
1136 2352 1169 2388 a
1200 2340 1391 2387 saneto
1416 2333 1671 2396 PatriciO,
1701 2332 1957 2384 idiomate
1991 2350 2089 2402 pro
2127 2332 2394 2401 dignitate
2431 2333 2769 2403 proferemus
2800 2333 2854 2387 in
2874 2348 2966 2385 me-

654 2421 824 2475 dium.
874 2421 962 2474 Ita
984 2421 1155 2490 igitur
1177 2420 1376 2473 scotice
1400 2419 1623 2490 ponitur
1646 2418 1737 2471 ille
1761 2434 1977 2471 versus:

981 2521 1178 2575 Ailbhe
1200 2522 1386 2574 umhal
1405 2519 1650 2589 Padruiq
1672 2518 1974 2572 Muomkan
1997 2536 2082 2571 mo
2102 2520 2370 2588 quehruth

981 2607 1192 2660 Declan
1214 2604 1457 2676 Padruiq
1480 2625 1553 2659 na
1579 2603 1770 2669 nDesi‚
1798 2623 1871 2657 na
1893 2602 2035 2668 Deci
2054 2623 2122 2674 ay
2145 2605 2356 2659 Dec-lan
2377 2624 2447 2676 qo
2474 2606 2659 2661 brath.

652 2711 719 2763 In
757 2727 865 2781 quo
901 2710 1178 2764 decretum
1214 2716 1313 2774 est,
1355 2716 1418 2762 ut
1453 2709 1661 2762 Albeus
1696 2707 1965 2760 secundus
2002 2707 2268 2761 Patricius
2304 2714 2359 2761 et
2384 2708 2701 2763 Momoniae
2733 2715 2962 2780 patronus

652 2803 812 2861 esset,
843 2804 898 2849 et
932 2794 1207 2849 Declanus
1245 2794 1516 2848 secundus
1549 2793 1820 2846 Patricius
1856 2798 1913 2844 et
1945 2798 2204 2861 patronus
2244 2799 2386 2846 esset
2417 2793 2730 2858 Desiorum,
2758 2799 2811 2845 et
2830 2788 2961 2845 Desii

651 2899 749 2934 sua
775 2881 1034 2933 dioecesis
1061 2885 1241 2931 essent
1264 2896 1436 2948 usque
1461 2878 1530 2930 ad
1556 2877 1718 2930 finem
1742 2873 1996 2930 saeculi.'’
2039 2877 2180 2930 Sunt
2196 2876 2277 2929 ita
2294 2877 2532 2931 desumti
2550 2897 2739 2933 versus
2757 2896 2785 2931 e
2804 2875 2960 2930 codice

652 2964 868 3033 collegii
894 2964 950 3017 S.
977 2962 1175 3016 Isidori
1198 2962 1424 3026 Romae,
1455 2962 1551 3014 sed
1584 2969 1740 3014 notat
1776 2961 1966 3025 editor,
1995 2961 2157 3030 paulo
2182 2961 2340 3015 aliter
2373 2962 2482 3033 legi
2505 2967 2603 3018 eos
2628 2964 2771 3035 apud
2794 2962 2960 3029 Oolga-

651 3050 802 3101 nium
842 3056 897 3101 et
922 3048 1216 3102 Usserium.
1268 3047 1481 3099 Horum
1521 3064 1686 3117 opera
1719 3063 1841 3099 cum
1874 3046 2008 3098 mihi
2046 3053 2261 3116 praesto
2297 3064 2409 3100 non
2447 3048 2578 3115 sint,
2607 3050 2830 3103 restituo
2857 3061 2956 3119 meo

649 3134 871 3188 arbitrio
896 3135 1004 3188 ita:

1004 3207 1014 3274 Ι
1040 3218 1199 3272 Ailbe
1226 3222 1235 3287 Ι
1264 3219 1413 3271 umal
1434 3209 1442 3277 Ι
1471 3219 1525 3271 ol
1531 3215 1717 3287 patric
1742 3216 1760 3286 ΙΙ
1775 3217 1960 3286 pdtric
1983 3236 2200 3271 muman
2222 3237 2306 3271 mo
2333 3219 2343 3286 Ι
2370 3220 2612 3281 eolo-ruth

1007 3307 1015 3367 Ι
1042 3305 1225 3357 declara
1238 3302 1422 3372 pdtric
1444 3303 1689 3374 nanldese
1713 3304 1731 3374 ΙΙ
1757 3302 1949 3367 inldesi
1968 3322 2027 3356 oc
2055 3302 2064 3367 Ι
2090 3304 2273 3357 declan
2296 3304 2541 3357 cobruth.

736 3422 973 3477 “Albius
996 3423 1233 3488 humilis,
1265 3422 1397 3475 dicit
1420 3422 1705 3487 PatriciuS‚
1735 3422 1806 3476 sit
1829 3421 2095 3475 Patricius
2120 3422 2431 3475 Momoniae
2455 3440 2612 3476 meus
2637 3422 2876 3494 aequalis,

740 3509 1013 3563 Decianus
1038 3508 1305 3561 Patricius
1329 3508 1637 3572 Desiorum,
1669 3507 1779 3561 sint
1801 3507 1954 3560 Desii
1979 3524 2102 3560 cum
2125 3507 2366 3561 Declano
2391 3508 2448 3560 in
2471 3503 2839 3578 perpetuum.''

790 3612 896 3664 Est
919 3610 1063 3663 enim
1088 3610 1217 3663 item
1240 3617 1473 3663 metrum
1498 3619 1703 3681 septem
1730 3609 2074 3679 syllabarum.
2123 3610 2371 3675 Coeruth,
2391 3610 2637 3681 ejusdem
2661 3611 2866 3669 formae,
2880 3621 2948 3656 ae-

650 3696 843 3767 qualis,
887 3702 951 3748 ut
981 3695 1250 3759 soehrnth,
1279 3695 1454 3748 bonae
1493 3695 1714 3758 formae,
1744 3694 2023 3747 honestus.
2074 3695 2142 3747 ln
2176 3703 2448 3765 postremo
2489 3696 2732 3749 membro
2769 3694 2822 3746 in
2852 3691 2948 3745 loeo

648 3781 821 3838 indesi
850 3799 910 3834 oc
947 3780 1158 3834 vocales
1190 3780 1265 3833 ι’-ο
1303 3780 1630 3845 coalescunt,
1659 3787 1756 3833 aut
1791 3786 1921 3832 sunt
1953 3780 2073 3833 loco
2106 3779 2271 3832 unius
2296 3781 2435 3833 duae
2460 3780 2686 3834 minoris
2710 3783 2944 3837 accentus,

647 3874 712 3921 ut
735 3867 791 3920 in
817 3866 1205 3919 Benedictione
1228 3866 1286 3919 in
1313 3866 1546 3919 bennach
1569 3866 1764 3918 ulta-es
1789 3866 2064 3918 conachtu.

784 3953 810 3980 '¹'
847 3951 1249 4020 orthographia
1277 3950 1365 4004 hic
1390 3968 1607 4021 quoque
1632 3951 1886 4020 congruit
1906 3968 2030 4004 cum
2053 3957 2228 4004 aetate
2253 3950 2472 4016 codiciS,
2502 3969 2551 4004 e.
2579 3970 2664 4022 gr.
2692 3950 2944 4004 destitutae

642 4057 679 4108 9
705 4045 759 4091 et
783 4037 820 4089 d
840 4036 897 4089 in
918 4054 1021 4105 qen
1045 4036 1302 4100 ebrevem,
1331 4035 1389 4088 in
1414 4054 1523 4106 quo
1548 4043 1633 4088 est
1657 4035 1817 4090 etiam
1844 4035 1960 4106 jam
1983 4035 2231 4089 flexionis
2256 4037 2542 4106 neglectiO,
2573 4055 2697 4092 cum
2721 4030 2944 4091 vetustior

567 4156 577 4173 .
647 4125 836 4193 lingua
870 4123 973 4175 hoc
997 4121 1234 4192 proferat
1257 4140 1349 4174 cen
1373 4120 1595 4174 chre'tim
1624 4121 1698 4191 (p.
1727 4119 1847 4190 262)
1876 4139 1905 4174 e
1931 4123 2138 4186 cratem,
2167 4138 2293 4190 gen.
2322 4121 2567 4180 ereitme:
2594 4123 2722 4176 item
2746 4114 2941 4183 in‚.scri-

644 4218 799 4281 ptum
823 4206 847 4259 i
867 4225 991 4260 cum
1015 4207 1175 4272 linea,
1195 4212 1321 4259 ante
1345 4225 1373 4259 e
1397 4207 1454 4259 in
1478 4205 1536 4259 in
1553 4207 1764 4272 ceehdti,
1783 4205 2075 4270 incechtan,
2094 4212 2158 4259 ut
2170 4206 2227 4259 in
2242 4205 2300 4260 in
2318 4207 2489 4261 tudith
2505 4208 2563 4260 in
2579 4207 2760 4261 codiee
2770 4204 2820 4258 N
2820 4201 2935 4259 eob·‚

645 4295 741 4348 ubi
765 4299 979 4348 vetusta
1001 4292 1192 4363 lingua
1214 4292 1454 4363 postulat
1476 4290 1569 4356 ic„
1584 4291 1647 4345 it.
1687 4293 1913 4346 Formae
1927 4310 2087 4363 porro
2105 4291 2431 4350 recentiores
2456 4310 2489 4346 a
2505 4292 2761 4362 scriptore
2775 4282 2939 4350 codicis

642 4387 774 4432 sunt
806 4378 944 4431 dona
975 4379 1236 4432 articulus
1262 4378 1429 4432 dativi
1454 4377 1595 4448 plur.
1623 4396 1722 4448 pro
1746 4378 1956 4442 domib,
1988 4378 2238 4441 hamach,
2268 4395 2365 4447 pro
2391 4394 2499 4447 quo
2525 4383 2607 4430 est
2632 4372 2847 4429 bendach
2866 4366 2938 4420 ad·

640 4464 750 4516 huc
788 4464 844 4516 in
870 4463 1020 4527 Wb„
1052 4470 1439 4517 transsumtum
1463 4463 1557 4517 lat.
1590 4463 1901 4517 benedicere.
1955 4463 2243 4517 Contracta
2267 4471 2449 4516 tamen
2472 4463 2643 4515 forma
2666 4479 2718 4514 es
2740 4455 2937 4531 particu-
