<?xml version="1.0" encoding="UTF-8"?>
<!DOCTYPE html PUBLIC "-//W3C//DTD XHTML 1.0 Transitional//EN"
    "http://www.w3.org/TR/xhtml1/DTD/xhtml1-transitional.dtd">
<html xmlns="http://www.w3.org/1999/xhtml" xml:lang="en" lang="en">
 <head>
  <title>
</title>
<meta http-equiv="Content-Type" content="text/html;charset=utf-8" />
  <meta name='ocr-system' content='tesseract 3.04.00' />
  <meta name='ocr-capabilities' content='ocr_page ocr_carea ocr_par ocr_line ocrx_word'/>
</head>
<body>
  <div class='ocr_page' id='page_1' title='image "./grammaticacelti04zeusgoog_0323.png"; bbox 0 0 3150 5242; ppageno 0'>
   <div class='ocr_carea' id='block_1_1' title="bbox 496 386 2605 455">
    <p class='ocr_par' dir='ltr' id='par_1_1' title="bbox 496 386 2605 455">
     <span class='ocr_line' id='line_1_1' title="bbox 496 386 2605 455; baseline -0.005 1"><span class='ocrx_word' id='word_1_1' title='bbox 496 420 507 429; x_wconf 80' lang='lat'><em>·</em></span> <span class='ocrx_word' id='word_1_2' title='bbox 605 394 692 455; x_wconf 88' lang='lat' dir='ltr'>V.</span> <span class='ocrx_word' id='word_1_3' title='bbox 732 399 792 454; x_wconf 86' lang='lat'><strong>2.</strong></span> <span class='ocrx_word' id='word_1_4' title='bbox 863 410 1256 455; x_wconf 75' lang='lat' dir='ltr'>coMPosrrro</span> <span class='ocrx_word' id='word_1_5' title='bbox 1286 408 1699 453; x_wconf 71' lang='lat' dir='ltr'>ERITANMCA</span> <span class='ocrx_word' id='word_1_6' title='bbox 1731 408 2282 452; x_wconf 73' lang='lat' dir='ltr'><strong>PARTICULARUM.</strong></span> <span class='ocrx_word' id='word_1_7' title='bbox 2493 386 2605 447; x_wconf 88' lang='grc'>871</span> 
     </span>
    </p>
   </div>
   <div class='ocr_carea' id='block_1_2' title="bbox 274 558 2674 1814">
    <p class='ocr_par' dir='ltr' id='par_1_2' title="bbox 274 558 2616 965">
     <span class='ocr_line' id='line_1_2' title="bbox 274 558 2615 645; baseline -0.005 -16"><span class='ocrx_word' id='word_1_8' title='bbox 274 567 383 629; x_wconf 85' lang='lat' dir='ltr'>sed</span> <span class='ocrx_word' id='word_1_9' title='bbox 425 586 562 627; x_wconf 91' lang='lat' dir='ltr'>non</span> <span class='ocrx_word' id='word_1_10' title='bbox 593 562 879 626; x_wconf 85' lang='lat' dir='ltr'>comitati</span> <span class='ocrx_word' id='word_1_11' title='bbox 908 571 1062 625; x_wconf 90' lang='lat' dir='ltr'>sunt</span> <span class='ocrx_word' id='word_1_12' title='bbox 1092 582 1158 624; x_wconf 89' lang='lat' dir='ltr'>se</span> <span class='ocrx_word' id='word_1_13' title='bbox 1187 561 1488 642; x_wconf 89' lang='lat' dir='ltr'>invicem)</span> <span class='ocrx_word' id='word_1_14' title='bbox 1532 568 1587 637; x_wconf 89' lang='lat'>1,</span> <span class='ocrx_word' id='word_1_15' title='bbox 1627 566 1773 622; x_wconf 85' lang='lat'><strong>285.</strong></span> <span class='ocrx_word' id='word_1_16' title='bbox 1808 558 2168 645; x_wconf 76' lang='lat' dir='ltr'>ymchoelut</span> <span class='ocrx_word' id='word_1_17' title='bbox 2216 578 2445 633; x_wconf 80' lang='lat' dir='ltr'>aoruc,</span> <span class='ocrx_word' id='word_1_18' title='bbox 2480 578 2615 640; x_wconf 79' lang='lat' dir='ltr'>ym—</span> 
     </span>
     <span class='ocr_line' id='line_1_3' title="bbox 276 662 2610 752; baseline -0.004 -19"><span class='ocrx_word' id='word_1_19' title='bbox 276 671 522 734; x_wconf 75' lang='lat' dir='ltr'>choelut</span> <span class='ocrx_word' id='word_1_20' title='bbox 565 676 883 752; x_wconf 72' lang='lat' dir='ltr'>aoruqant</span> <span class='ocrx_word' id='word_1_21' title='bbox 911 667 1099 750; x_wconf 90' lang='lat' dir='ltr'>(verti</span> <span class='ocrx_word' id='word_1_22' title='bbox 1145 667 1372 750; x_wconf 91' lang='lat' dir='ltr'>coepit,</span> <span class='ocrx_word' id='word_1_23' title='bbox 1409 675 1791 750; x_wconf 89' lang='lat' dir='ltr'>coeperunt;</span> <span class='ocrx_word' id='word_1_24' title='bbox 1830 687 1944 748; x_wconf 91' lang='lat' dir='ltr'>pro</span> <span class='ocrx_word' id='word_1_25' title='bbox 1973 664 2275 750; x_wconf 79' lang='lat' dir='ltr'>ymchw.)</span> <span class='ocrx_word' id='word_1_26' title='bbox 2308 665 2484 727; x_wconf 91' lang='lat' dir='ltr'>Mab.</span> <span class='ocrx_word' id='word_1_27' title='bbox 2522 662 2610 745; x_wconf 90' lang='lat' dir='ltr'>fq.</span> 
     </span>
     <span class='ocr_line' id='line_1_4' title="bbox 279 770 2616 859; baseline -0.003 -20"><span class='ocrx_word' id='word_1_28' title='bbox 279 778 460 839; x_wconf 86' lang='lat' dir='ltr'><strong>Esset</strong></span> <span class='ocrx_word' id='word_1_29' title='bbox 502 774 599 838; x_wconf 87' lang='lat' dir='ltr'>ita</span> <span class='ocrx_word' id='word_1_30' title='bbox 640 774 868 838; x_wconf 86' lang='lat' dir='ltr'>etiam:</span> <span class='ocrx_word' id='word_1_31' title='bbox 917 775 1011 859; x_wconf 76' lang='lat' dir='ltr'>yd</span> <span class='ocrx_word' id='word_1_32' title='bbox 1046 773 1410 858; x_wconf 61' lang='lat' dir='ltr'>ymolckezk,</span> <span class='ocrx_word' id='word_1_33' title='bbox 1446 775 1539 859; x_wconf 78' lang='lat' dir='ltr'>yd</span> <span class='ocrx_word' id='word_1_34' title='bbox 1573 772 1977 858; x_wconf 76' lang='lat' dir='ltr'>ymolckawd</span> <span class='ocrx_word' id='word_1_35' title='bbox 2009 770 2247 852; x_wconf 83' lang='lat' dir='ltr'>(lavavi</span> <span class='ocrx_word' id='word_1_36' title='bbox 2287 793 2412 847; x_wconf 91' lang='lat' dir='ltr'>me,</span> <span class='ocrx_word' id='word_1_37' title='bbox 2448 771 2616 833; x_wconf 88' lang='lat' dir='ltr'>lava·</span> 
     </span>
     <span class='ocr_line' id='line_1_5' title="bbox 278 883 2420 965; baseline -0.003 -19"><span class='ocrx_word' id='word_1_38' title='bbox 278 883 370 946; x_wconf 87' lang='lat' dir='ltr'>vit</span> <span class='ocrx_word' id='word_1_39' title='bbox 398 888 516 965; x_wconf 88' lang='lat' dir='ltr'>se).</span> <span class='ocrx_word' id='word_1_40' title='bbox 2417 910 2420 915; x_wconf 95' lang='lat'>·</span> 
     </span>
    </p>

    <p class='ocr_par' dir='ltr' id='par_1_3' title="bbox 278 981 2674 1814">
     <span class='ocr_line' id='line_1_6' title="bbox 450 981 2617 1068; baseline -0.004 -16"><span class='ocrx_word' id='word_1_41' title='bbox 450 992 534 1052; x_wconf 90' lang='lat' dir='ltr'>In</span> <span class='ocrx_word' id='word_1_42' title='bbox 563 987 815 1052; x_wconf 86' lang='lat' dir='ltr'>comica</span> <span class='ocrx_word' id='word_1_43' title='bbox 843 997 908 1050; x_wconf 90' lang='lat' dir='ltr'>et</span> <span class='ocrx_word' id='word_1_44' title='bbox 929 986 1234 1050; x_wconf 86' lang='lat' dir='ltr'>armorica</span> <span class='ocrx_word' id='word_1_45' title='bbox 1256 987 1526 1050; x_wconf 88' lang='lat' dir='ltr'>dialecto</span> <span class='ocrx_word' id='word_1_46' title='bbox 1550 985 1906 1049; x_wconf 86' lang='lat' dir='ltr'>communis</span> <span class='ocrx_word' id='word_1_47' title='bbox 1931 995 2030 1048; x_wconf 88' lang='lat' dir='ltr'>est</span> <span class='ocrx_word' id='word_1_48' title='bbox 2049 983 2398 1068; x_wconf 81' lang='lat' dir='ltr'>particulae</span> <span class='ocrx_word' id='word_1_49' title='bbox 2422 981 2617 1065; x_wconf 82' lang='lat' dir='ltr'>signi-</span> 
     </span>
     <span class='ocr_line' id='line_1_7' title="bbox 280 1089 2674 1177; baseline -0.002 -19"><span class='ocrx_word' id='word_1_50' title='bbox 280 1095 492 1158; x_wconf 91' lang='lat' dir='ltr'>ficatio</span> <span class='ocrx_word' id='word_1_51' title='bbox 537 1093 856 1157; x_wconf 87' lang='lat' dir='ltr'>reflexiva.</span> <span class='ocrx_word' id='word_1_52' title='bbox 922 1091 1194 1156; x_wconf 84' lang='lat' dir='ltr'>Cornica</span> <span class='ocrx_word' id='word_1_53' title='bbox 1237 1094 1529 1177; x_wconf 87' lang='lat' dir='ltr'>exempla</span> <span class='ocrx_word' id='word_1_54' title='bbox 1572 1114 1721 1156; x_wconf 92' lang='lat' dir='ltr'>cum</span> <span class='ocrx_word' id='word_1_55' title='bbox 1767 1101 2012 1155; x_wconf 78' lang='lat' dir='ltr'>servata</span> <span class='ocrx_word' id='word_1_56' title='bbox 2055 1090 2258 1153; x_wconf 90' lang='lat' dir='ltr'>forma</span> <span class='ocrx_word' id='word_1_57' title='bbox 2303 1111 2428 1152; x_wconf 87' lang='lat' dir='ltr'>om·</span> <span class='ocrx_word' id='word_1_58' title='bbox 2447 1117 2467 1152; x_wconf 92' lang='lat'><strong>.·</strong></span> <span class='ocrx_word' id='word_1_59' title='bbox 2518 1089 2619 1152; x_wconf 78' lang='lat' dir='ltr'>the</span> <span class='ocrx_word' id='word_1_60' title='bbox 2669 1148 2674 1153; x_wconf 83' lang='grc'><strong>.</strong></span> 
     </span>
     <span class='ocr_line' id='line_1_8' title="bbox 279 1195 2619 1286; baseline -0.003 -23"><span class='ocrx_word' id='word_1_61' title='bbox 279 1200 575 1286; x_wconf 77' lang='lat' dir='ltr'>nayllyth</span> <span class='ocrx_word' id='word_1_62' title='bbox 621 1199 916 1263; x_wconf 78' lang='lat' dir='ltr'>omwethe</span> <span class='ocrx_word' id='word_1_63' title='bbox 961 1221 1048 1262; x_wconf 80' lang='lat' dir='ltr'>un</span> <span class='ocrx_word' id='word_1_64' title='bbox 1075 1219 1233 1280; x_wconf 80' lang='lat' dir='ltr'>pres</span> <span class='ocrx_word' id='word_1_65' title='bbox 1279 1222 1367 1262; x_wconf 81' lang='lat' dir='ltr'>na</span> <span class='ocrx_word' id='word_1_66' title='bbox 1407 1198 1556 1284; x_wconf 74' lang='lat' dir='ltr'>qeth</span> <span class='ocrx_word' id='word_1_67' title='bbox 1602 1221 1689 1262; x_wconf 79' lang='lat' dir='ltr'>na</span> <span class='ocrx_word' id='word_1_68' title='bbox 1719 1198 1937 1282; x_wconf 75' lang='lat' dir='ltr'>peqky</span> <span class='ocrx_word' id='word_1_69' title='bbox 1967 1219 2110 1279; x_wconf 82' lang='lat' dir='ltr'>pan</span> <span class='ocrx_word' id='word_1_70' title='bbox 2146 1204 2481 1280; x_wconf 72' lang='lat' dir='ltr'>omsettyas</span> <span class='ocrx_word' id='word_1_71' title='bbox 2517 1195 2619 1258; x_wconf 75' lang='lat' dir='ltr'>the</span> 
     </span>
     <span class='ocr_line' id='line_1_9' title="bbox 280 1292 2620 1391; baseline -0.002 -21"><span class='ocrx_word' id='word_1_72' title='bbox 280 1309 569 1391; x_wconf 73' lang='lat' dir='ltr'>demptye</span> <span class='ocrx_word' id='word_1_73' title='bbox 599 1310 704 1388; x_wconf 91' lang='lat' dir='ltr'>(tu</span> <span class='ocrx_word' id='word_1_74' title='bbox 725 1329 855 1369; x_wconf 93' lang='lat' dir='ltr'>non</span> <span class='ocrx_word' id='word_1_75' title='bbox 878 1316 1058 1389; x_wconf 87' lang='lat' dir='ltr'>potes</span> <span class='ocrx_word' id='word_1_76' title='bbox 1082 1305 1323 1368; x_wconf 86' lang='lat' dir='ltr'>salvare</span> <span class='ocrx_word' id='word_1_77' title='bbox 1349 1316 1411 1368; x_wconf 91' lang='lat' dir='ltr'>te</span> <span class='ocrx_word' id='word_1_78' title='bbox 1434 1292 1802 1388; x_wconf 74' lang='lat' dir='ltr'>aliquande,</span> <span class='ocrx_word' id='word_1_79' title='bbox 1833 1303 2174 1386; x_wconf 88' lang='lat' dir='ltr'>quominus</span> <span class='ocrx_word' id='word_1_80' title='bbox 2197 1324 2441 1387; x_wconf 87' lang='lat' dir='ltr'>pecceS,</span> <span class='ocrx_word' id='word_1_81' title='bbox 2457 1324 2620 1365; x_wconf 85' lang='lat' dir='ltr'>cum</span> 
     </span>
     <span class='ocr_line' id='line_1_10' title="bbox 278 1411 2621 1497; baseline -0.002 -21"><span class='ocrx_word' id='word_1_82' title='bbox 278 1413 612 1497; x_wconf 83' lang='lat' dir='ltr'><strong>proposuit</strong></span> <span class='ocrx_word' id='word_1_83' title='bbox 650 1412 773 1475; x_wconf 90' lang='lat' dir='ltr'>sibi</span> <span class='ocrx_word' id='word_1_84' title='bbox 818 1421 1062 1474; x_wconf 86' lang='lat' dir='ltr'>tentare</span> <span class='ocrx_word' id='word_1_85' title='bbox 1104 1421 1191 1486; x_wconf 88' lang='lat' dir='ltr'>te,</span> <span class='ocrx_word' id='word_1_86' title='bbox 1231 1411 1529 1493; x_wconf 88' lang='lat' dir='ltr'>Satanas)</span> <span class='ocrx_word' id='word_1_87' title='bbox 1564 1413 1745 1474; x_wconf 82' lang='lat' dir='ltr'>Pass.</span> <span class='ocrx_word' id='word_1_88' title='bbox 1787 1415 1889 1486; x_wconf 98' lang='grc'>20,</span> <span class='ocrx_word' id='word_1_89' title='bbox 1933 1417 1991 1471; x_wconf 93' lang='grc'><strong>3.</strong></span> <span class='ocrx_word' id='word_1_90' title='bbox 2029 1416 2091 1470; x_wconf 87' lang='grc'>4.</span> <span class='ocrx_word' id='word_1_91' title='bbox 2134 1431 2336 1492; x_wconf 72' lang='lat' dir='ltr'>rayon</span> <span class='ocrx_word' id='word_1_92' title='bbox 2366 1432 2450 1493; x_wconf 78' lang='lat' dir='ltr'>ny</span> <span class='ocrx_word' id='word_1_93' title='bbox 2483 1430 2621 1472; x_wconf 84' lang='lat' dir='ltr'>war</span> 
     </span>
     <span class='ocr_line' id='line_1_11' title="bbox 280 1514 2620 1601; baseline -0.002 -18"><span class='ocrx_word' id='word_1_94' title='bbox 280 1519 578 1583; x_wconf 79' lang='lat' dir='ltr'>omwethe</span> <span class='ocrx_word' id='word_1_95' title='bbox 609 1522 676 1601; x_wconf 90' lang='lat' dir='ltr'>(a</span> <span class='ocrx_word' id='word_1_96' title='bbox 716 1519 899 1581; x_wconf 91' lang='lat' dir='ltr'>nobis</span> <span class='ocrx_word' id='word_1_97' title='bbox 940 1539 1070 1581; x_wconf 91' lang='lat' dir='ltr'>non</span> <span class='ocrx_word' id='word_1_98' title='bbox 1116 1526 1327 1599; x_wconf 86' lang='lat' dir='ltr'>potest</span> <span class='ocrx_word' id='word_1_99' title='bbox 1369 1537 1437 1580; x_wconf 89' lang='lat' dir='ltr'>se</span> <span class='ocrx_word' id='word_1_100' title='bbox 1480 1517 1775 1598; x_wconf 86' lang='lat' dir='ltr'>liberare)</span> <span class='ocrx_word' id='word_1_101' title='bbox 1811 1523 1956 1592; x_wconf 90' lang='grc'>194,</span> <span class='ocrx_word' id='word_1_102' title='bbox 1997 1522 2056 1577; x_wconf 89' lang='grc'>3.</span> <span class='ocrx_word' id='word_1_103' title='bbox 2106 1537 2250 1577; x_wconf 85' lang='lat' dir='ltr'>mar</span> <span class='ocrx_word' id='word_1_104' title='bbox 2280 1514 2620 1599; x_wconf 76' lang='lat' dir='ltr'>omwreytlz</span> 
     </span>
     <span class='ocr_line' id='line_1_12' title="bbox 279 1621 2620 1710; baseline -0.003 -21"><span class='ocrx_word' id='word_1_105' title='bbox 279 1626 460 1710; x_wconf 81' lang='lat' dir='ltr'>claff</span> <span class='ocrx_word' id='word_1_106' title='bbox 473 1625 557 1707; x_wconf 90' lang='lat' dir='ltr'>(si</span> <span class='ocrx_word' id='word_1_107' title='bbox 600 1636 675 1688; x_wconf 91' lang='lat' dir='ltr'>tu</span> <span class='ocrx_word' id='word_1_108' title='bbox 707 1636 767 1688; x_wconf 92' lang='lat' dir='ltr'>te</span> <span class='ocrx_word' id='word_1_109' title='bbox 797 1624 950 1687; x_wconf 89' lang='lat' dir='ltr'>facis</span> <span class='ocrx_word' id='word_1_110' title='bbox 981 1625 1338 1705; x_wconf 86' lang='lat' dir='ltr'>aegrotum)</span> <span class='ocrx_word' id='word_1_111' title='bbox 1377 1630 1519 1700; x_wconf 85' lang='lat'><strong>155,</strong></span> <span class='ocrx_word' id='word_1_112' title='bbox 1560 1627 1620 1709; x_wconf 96' lang='grc'>2.</span> <span class='ocrx_word' id='word_1_113' title='bbox 1664 1644 1809 1686; x_wconf 84' lang='lat' dir='ltr'>mar</span> <span class='ocrx_word' id='word_1_114' title='bbox 1837 1631 1974 1685; x_wconf 77' lang='lat' dir='ltr'>sota</span> <span class='ocrx_word' id='word_1_115' title='bbox 2006 1622 2114 1684; x_wconf 81' lang='lat' dir='ltr'>del</span> <span class='ocrx_word' id='word_1_116' title='bbox 2138 1641 2505 1706; x_wconf 77' lang='lat' dir='ltr'>omwressys</span> <span class='ocrx_word' id='word_1_117' title='bbox 2539 1621 2620 1701; x_wconf 89' lang='lat' dir='ltr'>(si</span> 
     </span>
     <span class='ocr_line' id='line_1_13' title="bbox 279 1727 2620 1814; baseline -0.003 -18"><span class='ocrx_word' id='word_1_118' title='bbox 279 1755 344 1796; x_wconf 92' lang='lat' dir='ltr'>es</span> <span class='ocrx_word' id='word_1_119' title='bbox 390 1743 463 1795; x_wconf 90' lang='lat' dir='ltr'>tu</span> <span class='ocrx_word' id='word_1_120' title='bbox 503 1731 582 1808; x_wconf 87' lang='lat' dir='ltr'>is,</span> <span class='ocrx_word' id='word_1_121' title='bbox 620 1753 810 1814; x_wconf 89' lang='lat' dir='ltr'>quem</span> <span class='ocrx_word' id='word_1_122' title='bbox 857 1742 928 1793; x_wconf 80' lang='lat' dir='ltr'>tu</span> <span class='ocrx_word' id='word_1_123' title='bbox 966 1728 1173 1792; x_wconf 83' lang='lat' dir='ltr'>fecisti</span> <span class='ocrx_word' id='word_1_124' title='bbox 1204 1736 1294 1812; x_wconf 90' lang='lat' dir='ltr'>te)</span> <span class='ocrx_word' id='word_1_125' title='bbox 1334 1737 1474 1807; x_wconf 89' lang='grc'>191,</span> <span class='ocrx_word' id='word_1_126' title='bbox 1517 1737 1577 1792; x_wconf 90' lang='grc'>3.</span> <span class='ocrx_word' id='word_1_127' title='bbox 1627 1730 1773 1792; x_wconf 84' lang='lat' dir='ltr'>mab</span> <span class='ocrx_word' id='word_1_128' title='bbox 1805 1731 1891 1792; x_wconf 82' lang='lat' dir='ltr'>du</span> <span class='ocrx_word' id='word_1_129' title='bbox 1921 1728 2032 1812; x_wconf 66' lang='lat' dir='ltr'>eff</span> <span class='ocrx_word' id='word_1_130' title='bbox 2044 1750 2084 1790; x_wconf 86' lang='lat' dir='ltr'>a</span> <span class='ocrx_word' id='word_1_131' title='bbox 2116 1748 2353 1790; x_wconf 83' lang='lat' dir='ltr'>omwra</span> <span class='ocrx_word' id='word_1_132' title='bbox 2384 1727 2620 1809; x_wconf 86' lang='lat' dir='ltr'>(filium</span> 
     </span>
    </p>
   </div>
   <div class='ocr_carea' id='block_1_3' title="bbox 277 1834 2728 1921">
    <p class='ocr_par' dir='ltr' id='par_1_4' title="bbox 277 1834 2728 1921">
     <span class='ocr_line' id='line_1_14' title="bbox 277 1834 2728 1921; baseline -0.003 -19"><span class='ocrx_word' id='word_1_133' title='bbox 277 1839 377 1902; x_wconf 90' lang='lat' dir='ltr'>dei</span> <span class='ocrx_word' id='word_1_134' title='bbox 412 1838 550 1921; x_wconf 90' lang='lat' dir='ltr'>ipse</span> <span class='ocrx_word' id='word_1_135' title='bbox 581 1859 648 1899; x_wconf 89' lang='lat' dir='ltr'>se</span> <span class='ocrx_word' id='word_1_136' title='bbox 677 1838 856 1920; x_wconf 90' lang='lat' dir='ltr'>facit)</span> <span class='ocrx_word' id='word_1_137' title='bbox 890 1843 1030 1914; x_wconf 89' lang='grc'>143,</span> <span class='ocrx_word' id='word_1_138' title='bbox 1063 1842 1123 1898; x_wconf 91' lang='grc'>2.</span> <span class='ocrx_word' id='word_1_139' title='bbox 1160 1836 1512 1921; x_wconf 56' lang='lat' dir='ltr'>miqhterne</span> <span class='ocrx_word' id='word_1_140' title='bbox 1533 1838 1649 1901; x_wconf 77' lang='lat' dir='ltr'>neb</span> <span class='ocrx_word' id='word_1_141' title='bbox 1672 1859 1713 1898; x_wconf 87' lang='lat' dir='ltr'>a</span> <span class='ocrx_word' id='word_1_142' title='bbox 1738 1835 2050 1910; x_wconf 82' lang='lat' dir='ltr'>omwrelo,</span> <span class='ocrx_word' id='word_1_143' title='bbox 2079 1857 2118 1896; x_wconf 86' lang='lat' dir='ltr'>a</span> <span class='ocrx_word' id='word_1_144' title='bbox 2142 1834 2457 1897; x_wconf 83' lang='lat' dir='ltr'>omwrello</span> <span class='ocrx_word' id='word_1_145' title='bbox 2483 1834 2620 1916; x_wconf 90' lang='lat' dir='ltr'>(qui</span> <span class='ocrx_word' id='word_1_146' title='bbox 2719 1878 2728 1888; x_wconf 88' lang='lat'><strong>.</strong></span> 
     </span>
    </p>
   </div>
   <div class='ocr_carea' id='block_1_4' title="bbox 271 1940 2635 4574">
    <p class='ocr_par' dir='ltr' id='par_1_5' title="bbox 271 1940 2635 4574">
     <span class='ocr_line' id='line_1_15' title="bbox 277 1940 2618 2028; baseline -0.002 -21"><span class='ocrx_word' id='word_1_147' title='bbox 277 1966 343 2007; x_wconf 90' lang='lat' dir='ltr'>se</span> <span class='ocrx_word' id='word_1_148' title='bbox 386 1966 603 2028; x_wconf 84' lang='lat' dir='ltr'>regem</span> <span class='ocrx_word' id='word_1_149' title='bbox 639 1943 877 2018; x_wconf 89' lang='lat' dir='ltr'>fecerit,</span> <span class='ocrx_word' id='word_1_150' title='bbox 914 1945 1102 2007; x_wconf 89' lang='lat' dir='ltr'>debet</span> <span class='ocrx_word' id='word_1_151' title='bbox 1131 1944 1359 2024; x_wconf 91' lang='lat' dir='ltr'>occidi)</span> <span class='ocrx_word' id='word_1_152' title='bbox 1397 1949 1541 2021; x_wconf 88' lang='lat'><strong>121,</strong></span> <span class='ocrx_word' id='word_1_153' title='bbox 1582 1952 1644 2006; x_wconf 92' lang='grc'>4.</span> <span class='ocrx_word' id='word_1_154' title='bbox 1688 1948 1830 2018; x_wconf 89' lang='grc'>146,</span> <span class='ocrx_word' id='word_1_155' title='bbox 1870 1949 1930 2003; x_wconf 94' lang='grc'>4.</span> <span class='ocrx_word' id='word_1_156' title='bbox 1980 1942 2193 2005; x_wconf 71' lang='lat' dir='ltr'>Judas</span> <span class='ocrx_word' id='word_1_157' title='bbox 2224 1940 2326 2003; x_wconf 77' lang='lat' dir='ltr'>eth</span> <span class='ocrx_word' id='word_1_158' title='bbox 2360 1940 2462 2005; x_wconf 77' lang='lat' dir='ltr'>the</span> <span class='ocrx_word' id='word_1_159' title='bbox 2492 1962 2618 2003; x_wconf 86' lang='lat' dir='ltr'>om-</span> 
     </span>
     <span class='ocr_line' id='line_1_16' title="bbox 271 2047 2618 2135; baseline -0.001 -22"><span class='ocrx_word' id='word_1_160' title='bbox 271 2073 471 2135; x_wconf 67' lang='lat' dir='ltr'>yreqy</span> <span class='ocrx_word' id='word_1_161' title='bbox 507 2051 577 2132; x_wconf 86' lang='lat' dir='ltr'>(J</span> <span class='ocrx_word' id='word_1_162' title='bbox 579 2051 737 2112; x_wconf 88' lang='lat' dir='ltr'>udas</span> <span class='ocrx_word' id='word_1_163' title='bbox 768 2049 887 2112; x_wconf 82' lang='lat' dir='ltr'>ivit</span> <span class='ocrx_word' id='word_1_164' title='bbox 913 2051 996 2112; x_wconf 87' lang='lat' dir='ltr'>ad</span> <span class='ocrx_word' id='word_1_165' title='bbox 1026 2071 1094 2113; x_wconf 87' lang='lat' dir='ltr'>se</span> <span class='ocrx_word' id='word_1_166' title='bbox 1124 2050 1678 2132; x_wconf 86' lang='lat' dir='ltr'>suspendendum)</span> <span class='ocrx_word' id='word_1_167' title='bbox 1715 2056 1859 2124; x_wconf 89' lang='lat'><strong>105,</strong></span> <span class='ocrx_word' id='word_1_168' title='bbox 1900 2056 1960 2110; x_wconf 91' lang='lat'>3.</span> <span class='ocrx_word' id='word_1_169' title='bbox 2012 2047 2424 2133; x_wconf 74' lang='lat' dir='ltr'>omthyyhtyn</span> <span class='ocrx_word' id='word_1_170' title='bbox 2457 2056 2618 2111; x_wconf 79' lang='lat' dir='ltr'>trus-</span> 
     </span>
     <span class='ocr_line' id='line_1_17' title="bbox 275 2154 2622 2239; baseline -0.002 -19"><span class='ocrx_word' id='word_1_171' title='bbox 275 2180 384 2220; x_wconf 76' lang='lat' dir='ltr'>sen</span> <span class='ocrx_word' id='word_1_172' title='bbox 432 2179 519 2219; x_wconf 84' lang='lat' dir='ltr'>an</span> <span class='ocrx_word' id='word_1_173' title='bbox 551 2156 710 2218; x_wconf 78' lang='lat' dir='ltr'>wlas</span> <span class='ocrx_word' id='word_1_174' title='bbox 742 2155 1145 2238; x_wconf 81' lang='lat' dir='ltr'>(recipiamus</span> <span class='ocrx_word' id='word_1_175' title='bbox 1174 2177 1315 2232; x_wconf 92' lang='lat' dir='ltr'>nos,</span> <span class='ocrx_word' id='word_1_176' title='bbox 1352 2156 1675 2239; x_wconf 84' lang='lat' dir='ltr'>fugiamus</span> <span class='ocrx_word' id='word_1_177' title='bbox 1705 2177 1819 2239; x_wconf 88' lang='lat' dir='ltr'>per</span> <span class='ocrx_word' id='word_1_178' title='bbox 1850 2156 2107 2235; x_wconf 86' lang='lat' dir='ltr'>terram)</span> <span class='ocrx_word' id='word_1_179' title='bbox 2143 2157 2290 2229; x_wconf 90' lang='grc'>246,</span> <span class='ocrx_word' id='word_1_180' title='bbox 2328 2160 2390 2215; x_wconf 95' lang='grc'>4.</span> <span class='ocrx_word' id='word_1_181' title='bbox 2420 2154 2549 2235; x_wconf 74' lang='lat' dir='ltr'>pel&gt;</span> <span class='ocrx_word' id='word_1_182' title='bbox 2580 2176 2622 2216; x_wconf 84' lang='lat' dir='ltr'>a</span> 
     </span>
     <span class='ocr_line' id='line_1_18' title="bbox 276 2259 2615 2346; baseline -0.003 -19"><span class='ocrx_word' id='word_1_183' title='bbox 276 2265 601 2340; x_wconf 73' lang='lat' dir='ltr'>mudena-5,</span> <span class='ocrx_word' id='word_1_184' title='bbox 634 2263 855 2346; x_wconf 82' lang='lat' dir='ltr'>Pedyr</span> <span class='ocrx_word' id='word_1_185' title='bbox 898 2284 938 2324; x_wconf 84' lang='lat' dir='ltr'>a</span> <span class='ocrx_word' id='word_1_186' title='bbox 981 2263 1281 2324; x_wconf 75' lang='lat' dir='ltr'>omdenas</span> <span class='ocrx_word' id='word_1_187' title='bbox 1312 2262 1572 2345; x_wconf 84' lang='lat' dir='ltr'>(quiviS,</span> <span class='ocrx_word' id='word_1_188' title='bbox 1611 2265 1843 2326; x_wconf 89' lang='lat' dir='ltr'>Petrus</span> <span class='ocrx_word' id='word_1_189' title='bbox 1888 2283 1954 2324; x_wconf 89' lang='lat' dir='ltr'>se</span> <span class='ocrx_word' id='word_1_190' title='bbox 1998 2259 2255 2343; x_wconf 87' lang='lat' dir='ltr'>recepit,</span> <span class='ocrx_word' id='word_1_191' title='bbox 2293 2259 2477 2339; x_wconf 88' lang='lat' dir='ltr'>abiit)</span> <span class='ocrx_word' id='word_1_192' title='bbox 2512 2266 2615 2336; x_wconf 85' lang='lat'>33,</span> 
     </span>
     <span class='ocr_line' id='line_1_19' title="bbox 276 2367 2616 2460; baseline -0.001 -28"><span class='ocrx_word' id='word_1_193' title='bbox 276 2378 337 2432; x_wconf 91' lang='grc'>4.</span> <span class='ocrx_word' id='word_1_194' title='bbox 379 2377 486 2446; x_wconf 88' lang='grc'>86,</span> <span class='ocrx_word' id='word_1_195' title='bbox 529 2376 588 2431; x_wconf 90' lang='grc'>3.</span> <span class='ocrx_word' id='word_1_196' title='bbox 636 2367 743 2460; x_wconf 58' lang='lat' dir='ltr'>phe</span> <span class='ocrx_word' id='word_1_197' title='bbox 771 2391 872 2431; x_wconf 78' lang='lat' dir='ltr'>ves</span> <span class='ocrx_word' id='word_1_198' title='bbox 899 2390 942 2453; x_wconf 77' lang='lat' dir='ltr'><strong><em>y</em></strong></span> <span class='ocrx_word' id='word_1_199' title='bbox 975 2391 1015 2431; x_wconf 85' lang='lat' dir='ltr'>a</span> <span class='ocrx_word' id='word_1_200' title='bbox 1047 2370 1344 2432; x_wconf 80' lang='lat' dir='ltr'>omdenas</span> <span class='ocrx_word' id='word_1_201' title='bbox 1376 2369 1474 2449; x_wconf 91' lang='lat' dir='ltr'>(in</span> <span class='ocrx_word' id='word_1_202' title='bbox 1504 2391 1823 2453; x_wconf 87' lang='lat' dir='ltr'>campum,</span> <span class='ocrx_word' id='word_1_203' title='bbox 1860 2370 2024 2432; x_wconf 90' lang='lat' dir='ltr'>foras</span> <span class='ocrx_word' id='word_1_204' title='bbox 2048 2367 2376 2447; x_wconf 76' lang='lat' dir='ltr'>abierunt)</span> <span class='ocrx_word' id='word_1_205' title='bbox 2412 2372 2515 2443; x_wconf 87' lang='lat'>68,</span> <span class='ocrx_word' id='word_1_206' title='bbox 2556 2372 2616 2429; x_wconf 90' lang='grc'>2.</span> 
     </span>
     <span class='ocr_line' id='line_1_20' title="bbox 272 2473 2458 2558; baseline -0.003 -18"><span class='ocrx_word' id='word_1_207' title='bbox 272 2476 419 2540; x_wconf 74' lang='grc' dir='ltr'><em>ονίΙι</em></span> <span class='ocrx_word' id='word_1_208' title='bbox 448 2477 641 2539; x_wconf 68' lang='lat' dir='ltr'>‚Iesus</span> <span class='ocrx_word' id='word_1_209' title='bbox 672 2497 712 2537; x_wconf 83' lang='lat' dir='ltr'>a</span> <span class='ocrx_word' id='word_1_210' title='bbox 743 2496 1089 2558; x_wconf 71' lang='lat' dir='ltr'>omyamme</span> <span class='ocrx_word' id='word_1_211' title='bbox 1120 2476 1230 2557; x_wconf 88' lang='lat' dir='ltr'>(ad</span> <span class='ocrx_word' id='word_1_212' title='bbox 1258 2476 1301 2537; x_wconf 90' lang='lat' dir='ltr'><strong>J</strong></span> <span class='ocrx_word' id='word_1_213' title='bbox 1303 2497 1482 2538; x_wconf 88' lang='lat' dir='ltr'>esum</span> <span class='ocrx_word' id='word_1_214' title='bbox 1513 2475 1677 2539; x_wconf 87' lang='lat' dir='ltr'>versi</span> <span class='ocrx_word' id='word_1_215' title='bbox 1705 2486 1880 2552; x_wconf 90' lang='lat' dir='ltr'>sunt,</span> <span class='ocrx_word' id='word_1_216' title='bbox 1916 2477 1958 2538; x_wconf 84' lang='lat' dir='ltr'>J</span> <span class='ocrx_word' id='word_1_217' title='bbox 1962 2473 2174 2556; x_wconf 89' lang='lat' dir='ltr'>udaei)</span> <span class='ocrx_word' id='word_1_218' title='bbox 2214 2479 2357 2549; x_wconf 89' lang='grc'>196,</span> <span class='ocrx_word' id='word_1_219' title='bbox 2396 2479 2458 2534; x_wconf 91' lang='grc'>2.</span> 
     </span>
     <span class='ocr_line' id='line_1_21' title="bbox 445 2579 2635 2667; baseline -0.001 -22"><span class='ocrx_word' id='word_1_220' title='bbox 445 2581 775 2645; x_wconf 84' lang='lat' dir='ltr'>Armorica</span> <span class='ocrx_word' id='word_1_221' title='bbox 818 2580 1019 2645; x_wconf 87' lang='lat' dir='ltr'>forma</span> <span class='ocrx_word' id='word_1_222' title='bbox 1058 2602 1154 2643; x_wconf 82' lang='lat' dir='ltr'>em</span> <span class='ocrx_word' id='word_1_223' title='bbox 1187 2579 1398 2665; x_wconf 89' lang='lat' dir='ltr'>(cujus</span> <span class='ocrx_word' id='word_1_224' title='bbox 1443 2581 1703 2665; x_wconf 90' lang='lat' dir='ltr'>scriptio</span> <span class='ocrx_word' id='word_1_225' title='bbox 1734 2592 2024 2667; x_wconf 88' lang='lat' dir='ltr'>separata</span> <span class='ocrx_word' id='word_1_226' title='bbox 2055 2579 2241 2644; x_wconf 86' lang='lat' dir='ltr'>solita</span> <span class='ocrx_word' id='word_1_227' title='bbox 2271 2583 2427 2663; x_wconf 88' lang='lat' dir='ltr'>est):</span> <span class='ocrx_word' id='word_1_228' title='bbox 2480 2580 2635 2666; x_wconf 84' lang='lat' dir='ltr'>ezof</span> 
     </span>
     <span class='ocr_line' id='line_1_22' title="bbox 276 2687 2622 2772; baseline -0.002 -20"><span class='ocrx_word' id='word_1_229' title='bbox 276 2712 372 2752; x_wconf 82' lang='lat' dir='ltr'>em</span> <span class='ocrx_word' id='word_1_230' title='bbox 405 2690 622 2772; x_wconf 74' lang='lat' dir='ltr'>laquel</span> <span class='ocrx_word' id='word_1_231' title='bbox 652 2690 797 2771; x_wconf 87' lang='lat' dir='ltr'>(ego</span> <span class='ocrx_word' id='word_1_232' title='bbox 826 2710 929 2750; x_wconf 91' lang='lat' dir='ltr'>me</span> <span class='ocrx_word' id='word_1_233' title='bbox 961 2687 1211 2769; x_wconf 84' lang='lat' dir='ltr'>devovi)</span> <span class='ocrx_word' id='word_1_234' title='bbox 1244 2687 1416 2751; x_wconf 93' lang='lat' dir='ltr'>Buh.</span> <span class='ocrx_word' id='word_1_235' title='bbox 1450 2694 1552 2765; x_wconf 88' lang='grc'>28,</span> <span class='ocrx_word' id='word_1_236' title='bbox 1588 2695 1647 2750; x_wconf 94' lang='grc'>6.</span> <span class='ocrx_word' id='word_1_237' title='bbox 1669 2710 1814 2770; x_wconf 76' lang='lat' dir='ltr'>pan</span> <span class='ocrx_word' id='word_1_238' title='bbox 1844 2688 1957 2772; x_wconf 87' lang='lat' dir='ltr'>off</span> <span class='ocrx_word' id='word_1_239' title='bbox 1969 2709 2067 2751; x_wconf 84' lang='lat' dir='ltr'>em</span> <span class='ocrx_word' id='word_1_240' title='bbox 2084 2694 2418 2770; x_wconf 73' lang='lat' dir='ltr'>presantet</span> <span class='ocrx_word' id='word_1_241' title='bbox 2447 2690 2622 2769; x_wconf 88' lang='lat' dir='ltr'>(cum</span> 
     </span>
     <span class='ocr_line' id='line_1_23' title="bbox 274 2792 2621 2877; baseline -0.002 -19"><span class='ocrx_word' id='word_1_242' title='bbox 274 2818 378 2858; x_wconf 91' lang='lat' dir='ltr'>me</span> <span class='ocrx_word' id='word_1_243' title='bbox 408 2794 838 2877; x_wconf 75' lang='lat' dir='ltr'>praesentavi)</span> <span class='ocrx_word' id='word_1_244' title='bbox 877 2800 1020 2870; x_wconf 86' lang='lat'><strong>194,</strong></span> <span class='ocrx_word' id='word_1_245' title='bbox 1063 2802 1120 2855; x_wconf 89' lang='grc'>7.</span> <span class='ocrx_word' id='word_1_246' title='bbox 1164 2800 1307 2870; x_wconf 91' lang='grc'>196,</span> <span class='ocrx_word' id='word_1_247' title='bbox 1348 2800 1408 2855; x_wconf 90' lang='grc'>6.</span> <span class='ocrx_word' id='word_1_248' title='bbox 1464 2817 1550 2857; x_wconf 80' lang='lat' dir='ltr'>na</span> <span class='ocrx_word' id='word_1_249' title='bbox 1581 2793 1745 2857; x_wconf 72' lang='lat' dir='ltr'>ehem</span> <span class='ocrx_word' id='word_1_250' title='bbox 1776 2803 1923 2877; x_wconf 81' lang='lat' dir='ltr'>quet</span> <span class='ocrx_word' id='word_1_251' title='bbox 1951 2816 2071 2857; x_wconf 67' lang='lat' dir='ltr'>euax</span> <span class='ocrx_word' id='word_1_252' title='bbox 2100 2792 2351 2855; x_wconf 78' lang='lat' dir='ltr'>ahanen</span> <span class='ocrx_word' id='word_1_253' title='bbox 2384 2793 2469 2855; x_wconf 87' lang='lat' dir='ltr'>da</span> <span class='ocrx_word' id='word_1_254' title='bbox 2499 2813 2621 2853; x_wconf 85' lang='lat' dir='ltr'>em-</span> 
     </span>
     <span class='ocr_line' id='line_1_24' title="bbox 276 2897 2623 2982; baseline -0.003 -17"><span class='ocrx_word' id='word_1_255' title='bbox 276 2909 487 2965; x_wconf 79' lang='lat' dir='ltr'>tennet</span> <span class='ocrx_word' id='word_1_256' title='bbox 518 2904 628 2982; x_wconf 89' lang='lat' dir='ltr'>(ne</span> <span class='ocrx_word' id='word_1_257' title='bbox 660 2900 997 2976; x_wconf 83' lang='lat' dir='ltr'>cuncteris,</span> <span class='ocrx_word' id='word_1_258' title='bbox 1036 2910 1098 2962; x_wconf 90' lang='lat' dir='ltr'>te</span> <span class='ocrx_word' id='word_1_259' title='bbox 1129 2899 1405 2982; x_wconf 89' lang='lat' dir='ltr'>recipere</span> <span class='ocrx_word' id='word_1_260' title='bbox 1435 2921 1515 2961; x_wconf 85' lang='lat' dir='ltr'>ex</span> <span class='ocrx_word' id='word_1_261' title='bbox 1543 2898 1666 2962; x_wconf 87' lang='lat' dir='ltr'>hoc</span> <span class='ocrx_word' id='word_1_262' title='bbox 1695 2900 1860 2982; x_wconf 92' lang='lat' dir='ltr'>loco)</span> <span class='ocrx_word' id='word_1_263' title='bbox 1888 2907 1948 2976; x_wconf 89' lang='lat'>4,</span> <span class='ocrx_word' id='word_1_264' title='bbox 1984 2907 2043 2961; x_wconf 87' lang='lat'>3.</span> <span class='ocrx_word' id='word_1_265' title='bbox 2080 2921 2177 2961; x_wconf 83' lang='lat' dir='ltr'>me</span> <span class='ocrx_word' id='word_1_266' title='bbox 2201 2897 2623 2982; x_wconf 75' lang='lat' dir='ltr'>qourchemen</span> 
     </span>
     <span class='ocr_line' id='line_1_25' title="bbox 281 3003 2624 3088; baseline -0.002 -17"><span class='ocrx_word' id='word_1_267' title='bbox 281 3008 537 3071; x_wconf 70' lang='lat' dir='ltr'>alcanen</span> <span class='ocrx_word' id='word_1_268' title='bbox 579 3028 673 3069; x_wconf 85' lang='lat' dir='ltr'>em</span> <span class='ocrx_word' id='word_1_269' title='bbox 724 3014 933 3070; x_wconf 65' lang='lat' dir='ltr'>temnet</span> <span class='ocrx_word' id='word_1_270' title='bbox 962 3008 989 3086; x_wconf 89' lang='lat'>(</span> <span class='ocrx_word' id='word_1_271' title='bbox 995 3005 1191 3088; x_wconf 89' lang='lat' dir='ltr'>jubeo</span> <span class='ocrx_word' id='word_1_272' title='bbox 1238 3017 1300 3069; x_wconf 89' lang='lat' dir='ltr'>te</span> <span class='ocrx_word' id='word_1_273' title='bbox 1344 3005 1516 3068; x_wconf 87' lang='lat' dir='ltr'>abire</span> <span class='ocrx_word' id='word_1_274' title='bbox 1560 3004 1821 3088; x_wconf 88' lang='lat' dir='ltr'>abhinc)</span> <span class='ocrx_word' id='word_1_275' title='bbox 1858 3013 1960 3082; x_wconf 87' lang='grc'>60,</span> <span class='ocrx_word' id='word_1_276' title='bbox 2003 3013 2062 3067; x_wconf 91' lang='grc'>6.</span> <span class='ocrx_word' id='word_1_277' title='bbox 2112 3007 2196 3068; x_wconf 84' lang='lat' dir='ltr'>da</span> <span class='ocrx_word' id='word_1_278' title='bbox 2226 3003 2497 3088; x_wconf 74' lang='lat' dir='ltr'>pim&#39;yen</span> <span class='ocrx_word' id='word_1_279' title='bbox 2528 3025 2624 3066; x_wconf 83' lang='lat' dir='ltr'>em</span> 
     </span>
     <span class='ocr_line' id='line_1_26' title="bbox 276 3097 2625 3195; baseline -0.002 -18"><span class='ocrx_word' id='word_1_280' title='bbox 276 3122 487 3177; x_wconf 68' lang='lat' dir='ltr'>temnet</span> <span class='ocrx_word' id='word_1_281' title='bbox 528 3114 638 3195; x_wconf 90' lang='lat' dir='ltr'>(ad</span> <span class='ocrx_word' id='word_1_282' title='bbox 675 3111 1138 3194; x_wconf 88' lang='lat' dir='ltr'>poenitentiam</span> <span class='ocrx_word' id='word_1_283' title='bbox 1180 3134 1291 3174; x_wconf 90' lang='lat' dir='ltr'>vos</span> <span class='ocrx_word' id='word_1_284' title='bbox 1333 3111 1595 3195; x_wconf 88' lang='lat' dir='ltr'>recipite</span> <span class='ocrx_word' id='word_1_285' title='bbox 1618 3112 1666 3193; x_wconf 75' lang='lat' dir='ltr'>l)</span> <span class='ocrx_word' id='word_1_286' title='bbox 1701 3114 1805 3189; x_wconf 91' lang='grc'>66,</span> <span class='ocrx_word' id='word_1_287' title='bbox 1850 3120 1948 3175; x_wconf 93' lang='grc'>10.</span> <span class='ocrx_word' id='word_1_288' title='bbox 2014 3097 2351 3175; x_wconf 89' lang='lat' dir='ltr'>Interdum</span> <span class='ocrx_word' id='word_1_289' title='bbox 2388 3111 2625 3195; x_wconf 86' lang='lat' dir='ltr'>legitur</span> 
     </span>
     <span class='ocr_line' id='line_1_27' title="bbox 274 3216 2621 3303; baseline -0.001 -20"><span class='ocrx_word' id='word_1_290' title='bbox 274 3219 602 3303; x_wconf 87' lang='lat' dir='ltr'>duplicata</span> <span class='ocrx_word' id='word_1_291' title='bbox 642 3218 986 3301; x_wconf 81' lang='lat' dir='ltr'>particula:</span> <span class='ocrx_word' id='word_1_292' title='bbox 1038 3220 1169 3281; x_wconf 78' lang='lat' dir='ltr'>dan</span> <span class='ocrx_word' id='word_1_293' title='bbox 1210 3216 1337 3302; x_wconf 75' lang='lat' dir='ltr'>ylis</span> <span class='ocrx_word' id='word_1_294' title='bbox 1362 3240 1530 3301; x_wconf 70' lang='lat' dir='ltr'>quen</span> <span class='ocrx_word' id='word_1_295' title='bbox 1561 3239 1658 3280; x_wconf 84' lang='lat' dir='ltr'>em</span> <span class='ocrx_word' id='word_1_296' title='bbox 1689 3240 1784 3281; x_wconf 82' lang='lat' dir='ltr'>em</span> <span class='ocrx_word' id='word_1_297' title='bbox 1818 3218 2023 3302; x_wconf 61' lang='lat' dir='ltr'>tenq&#39;ff</span> <span class='ocrx_word' id='word_1_298' title='bbox 2037 3220 2145 3297; x_wconf 90' lang='lat' dir='ltr'>(ad</span> <span class='ocrx_word' id='word_1_299' title='bbox 2175 3216 2504 3280; x_wconf 88' lang='lat' dir='ltr'>ecclesiam</span> <span class='ocrx_word' id='word_1_300' title='bbox 2532 3218 2621 3280; x_wconf 89' lang='lat' dir='ltr'>al-</span> 
     </span>
     <span class='ocr_line' id='line_1_28' title="bbox 271 3322 2625 3408; baseline -0.002 -19"><span class='ocrx_word' id='word_1_301' title='bbox 271 3328 425 3389; x_wconf 91' lang='lat' dir='ltr'>bam</span> <span class='ocrx_word' id='word_1_302' title='bbox 467 3348 570 3387; x_wconf 92' lang='lat' dir='ltr'>me</span> <span class='ocrx_word' id='word_1_303' title='bbox 612 3324 940 3407; x_wconf 89' lang='lat' dir='ltr'>recipiam)</span> <span class='ocrx_word' id='word_1_304' title='bbox 976 3331 1078 3401; x_wconf 89' lang='lat'>34,</span> <span class='ocrx_word' id='word_1_305' title='bbox 1122 3331 1221 3386; x_wconf 90' lang='grc'>14.</span> <span class='ocrx_word' id='word_1_306' title='bbox 1271 3346 1348 3385; x_wconf 77' lang='lat' dir='ltr'>en</span> <span class='ocrx_word' id='word_1_307' title='bbox 1392 3323 1509 3386; x_wconf 73' lang='lat' dir='ltr'>boz</span> <span class='ocrx_word' id='word_1_308' title='bbox 1550 3332 1779 3407; x_wconf 77' lang='lat' dir='ltr'>quenet</span> <span class='ocrx_word' id='word_1_309' title='bbox 1820 3345 2014 3386; x_wconf 80' lang='lat' dir='ltr'>emem</span> <span class='ocrx_word' id='word_1_310' title='bbox 2050 3323 2272 3408; x_wconf 75' lang='lat' dir='ltr'>hetaff</span> <span class='ocrx_word' id='word_1_311' title='bbox 2290 3322 2387 3404; x_wconf 91' lang='lat' dir='ltr'>(in</span> <span class='ocrx_word' id='word_1_312' title='bbox 2416 3334 2625 3386; x_wconf 88' lang='lat' dir='ltr'>vestra</span> 
     </span>
     <span class='ocr_line' id='line_1_29' title="bbox 274 3427 2623 3513; baseline -0.001 -19"><span class='ocrx_word' id='word_1_313' title='bbox 274 3430 669 3494; x_wconf 83' lang='lat' dir='ltr'>formositate</span> <span class='ocrx_word' id='word_1_314' title='bbox 699 3431 1002 3511; x_wconf 90' lang='lat' dir='ltr'>delector)</span> <span class='ocrx_word' id='word_1_315' title='bbox 1039 3437 1141 3507; x_wconf 89' lang='lat'>38,</span> <span class='ocrx_word' id='word_1_316' title='bbox 1182 3436 1241 3492; x_wconf 92' lang='lat'><strong>8.</strong></span> <span class='ocrx_word' id='word_1_317' title='bbox 1285 3427 1477 3493; x_wconf 63' lang='lat' dir='ltr'>riman</span> <span class='ocrx_word' id='word_1_318' title='bbox 1507 3429 1788 3493; x_wconf 78' lang='lat' dir='ltr'>meurbet</span> <span class='ocrx_word' id='word_1_319' title='bbox 1815 3452 2010 3493; x_wconf 83' lang='lat' dir='ltr'>emem</span> <span class='ocrx_word' id='word_1_320' title='bbox 2040 3429 2264 3513; x_wconf 75' lang='lat' dir='ltr'>hetaff</span> <span class='ocrx_word' id='word_1_321' title='bbox 2277 3428 2409 3511; x_wconf 90' lang='lat' dir='ltr'>(hic</span> <span class='ocrx_word' id='word_1_322' title='bbox 2440 3429 2623 3492; x_wconf 82' lang='lat' dir='ltr'>valde</span> 
     </span>
     <span class='ocr_line' id='line_1_30' title="bbox 275 3534 2617 3619; baseline -0.002 -19"><span class='ocrx_word' id='word_1_323' title='bbox 275 3538 583 3619; x_wconf 88' lang='lat' dir='ltr'>delector)</span> <span class='ocrx_word' id='word_1_324' title='bbox 617 3543 757 3613; x_wconf 87' lang='lat'><strong>114,</strong></span> <span class='ocrx_word' id='word_1_325' title='bbox 795 3545 892 3599; x_wconf 92' lang='grc'>10.</span> <span class='ocrx_word' id='word_1_326' title='bbox 929 3536 1208 3601; x_wconf 74' lang='lat' dir='ltr'>antemio</span> <span class='ocrx_word' id='word_1_327' title='bbox 1237 3544 1344 3597; x_wconf 82' lang='lat' dir='ltr'>em</span> <span class='ocrx_word' id='word_1_328' title='bbox 1363 3556 1459 3597; x_wconf 83' lang='lat' dir='ltr'>em</span> <span class='ocrx_word' id='word_1_329' title='bbox 1487 3534 1803 3619; x_wconf 79' lang='lat' dir='ltr'>aplicquet</span> <span class='ocrx_word' id='word_1_330' title='bbox 1826 3536 2121 3617; x_wconf 89' lang='lat' dir='ltr'>(honeste</span> <span class='ocrx_word' id='word_1_331' title='bbox 2145 3558 2254 3599; x_wconf 91' lang='lat' dir='ltr'>vos</span> <span class='ocrx_word' id='word_1_332' title='bbox 2279 3534 2617 3618; x_wconf 88' lang='lat' dir='ltr'>applicate,</span> 
     </span>
     <span class='ocr_line' id='line_1_31' title="bbox 276 3640 2617 3727; baseline -0.002 -20"><span class='ocrx_word' id='word_1_333' title='bbox 276 3666 388 3707; x_wconf 88' lang='lat' dir='ltr'>vos</span> <span class='ocrx_word' id='word_1_334' title='bbox 409 3643 765 3727; x_wconf 87' lang='lat' dir='ltr'>praebeatis</span> <span class='ocrx_word' id='word_1_335' title='bbox 788 3643 1083 3723; x_wconf 89' lang='lat' dir='ltr'>honeste)</span> <span class='ocrx_word' id='word_1_336' title='bbox 1114 3649 1216 3719; x_wconf 93' lang='lat'>38,</span> <span class='ocrx_word' id='word_1_337' title='bbox 1252 3650 1311 3703; x_wconf 90' lang='lat'><strong>3.</strong></span> <span class='ocrx_word' id='word_1_338' title='bbox 1349 3642 1646 3705; x_wconf 77' lang='lat' dir='ltr'>akannen</span> <span class='ocrx_word' id='word_1_339' title='bbox 1678 3662 1719 3704; x_wconf 82' lang='lat' dir='ltr'>a</span> <span class='ocrx_word' id='word_1_340' title='bbox 1751 3663 1913 3705; x_wconf 85' lang='lat' dir='ltr'>mem</span> <span class='ocrx_word' id='word_1_341' title='bbox 1946 3650 2084 3705; x_wconf 80' lang='lat' dir='ltr'>teno</span> <span class='ocrx_word' id='word_1_342' title='bbox 2110 3642 2367 3723; x_wconf 85' lang='lat' dir='ltr'>(exinde</span> <span class='ocrx_word' id='word_1_343' title='bbox 2393 3640 2617 3715; x_wconf 90' lang='lat' dir='ltr'>abibo;</span> 
     </span>
     <span class='ocr_line' id='line_1_32' title="bbox 274 3737 2621 3833; baseline -0.002 -20"><span class='ocrx_word' id='word_1_344' title='bbox 274 3782 363 3803; x_wconf 89' lang='lat'>==</span> <span class='ocrx_word' id='word_1_345' title='bbox 392 3772 587 3813; x_wconf 82' lang='lat' dir='ltr'>emem</span> <span class='ocrx_word' id='word_1_346' title='bbox 602 3752 665 3832; x_wconf 75' lang='grc'>,9)</span> <span class='ocrx_word' id='word_1_347' title='bbox 700 3757 803 3826; x_wconf 88' lang='grc'>44,</span> <span class='ocrx_word' id='word_1_348' title='bbox 843 3756 903 3812; x_wconf 94' lang='grc'><strong>2.</strong></span> <span class='ocrx_word' id='word_1_349' title='bbox 970 3750 1372 3812; x_wconf 88' lang='lat' dir='ltr'>Praecedunt</span> <span class='ocrx_word' id='word_1_350' title='bbox 1410 3748 1663 3830; x_wconf 88' lang='lat' dir='ltr'>saepius</span> <span class='ocrx_word' id='word_1_351' title='bbox 1695 3748 1889 3811; x_wconf 90' lang='lat' dir='ltr'>etiam</span> <span class='ocrx_word' id='word_1_352' title='bbox 1917 3737 2296 3833; x_wconf 79' lang='lat' dir='ltr'>pronomina</span> <span class='ocrx_word' id='word_1_353' title='bbox 2324 3768 2621 3830; x_wconf 87' lang='lat' dir='ltr'>persona-</span> 
     </span>
     <span class='ocr_line' id='line_1_33' title="bbox 274 3853 2623 3938; baseline -0.003 -18"><span class='ocrx_word' id='word_1_354' title='bbox 274 3857 363 3920; x_wconf 90' lang='lat' dir='ltr'>lia</span> <span class='ocrx_word' id='word_1_355' title='bbox 384 3856 456 3920; x_wconf 91' lang='lat' dir='ltr'>in</span> <span class='ocrx_word' id='word_1_356' title='bbox 478 3856 680 3919; x_wconf 88' lang='lat' dir='ltr'>forma</span> <span class='ocrx_word' id='word_1_357' title='bbox 701 3855 1081 3929; x_wconf 82' lang='lat' dir='ltr'>infixorum3</span> <span class='ocrx_word' id='word_1_358' title='bbox 1112 3855 1282 3938; x_wconf 92' lang='lat' dir='ltr'>quod</span> <span class='ocrx_word' id='word_1_359' title='bbox 1305 3853 1359 3917; x_wconf 88' lang='lat' dir='ltr'>si</span> <span class='ocrx_word' id='word_1_360' title='bbox 1382 3855 1478 3929; x_wconf 83' lang='lat' dir='ltr'>fit,</span> <span class='ocrx_word' id='word_1_361' title='bbox 1503 3853 1799 3918; x_wconf 88' lang='lat' dir='ltr'>oriuntur</span> <span class='ocrx_word' id='word_1_362' title='bbox 1822 3855 2015 3918; x_wconf 91' lang='lat' dir='ltr'>etiam</span> <span class='ocrx_word' id='word_1_363' title='bbox 2039 3856 2371 3918; x_wconf 84' lang='lat' dir='ltr'>abnormes</span> <span class='ocrx_word' id='word_1_364' title='bbox 2396 3853 2623 3915; x_wconf 87' lang='lat' dir='ltr'>forma-</span> 
     </span>
     <span class='ocr_line' id='line_1_34' title="bbox 278 3961 2617 4045; baseline -0.002 -19"><span class='ocrx_word' id='word_1_365' title='bbox 278 3964 486 4026; x_wconf 90' lang='lat' dir='ltr'>tiones</span> <span class='ocrx_word' id='word_1_366' title='bbox 516 3984 574 4025; x_wconf 91' lang='lat' dir='ltr'>e.</span> <span class='ocrx_word' id='word_1_367' title='bbox 602 3984 700 4045; x_wconf 85' lang='lat' dir='ltr'>gr.</span> <span class='ocrx_word' id='word_1_368' title='bbox 737 3961 808 4024; x_wconf 91' lang='lat' dir='ltr'>in</span> <span class='ocrx_word' id='word_1_369' title='bbox 844 3969 900 4023; x_wconf 91' lang='lat'><strong>1.</strong></span> <span class='ocrx_word' id='word_1_370' title='bbox 936 3982 1102 4043; x_wconf 79' lang='lat' dir='ltr'>perS.</span> <span class='ocrx_word' id='word_1_371' title='bbox 1140 3982 1238 4023; x_wconf 83' lang='lat' dir='ltr'>me</span> <span class='ocrx_word' id='word_1_372' title='bbox 1268 3981 1452 4037; x_wconf 84' lang='lat' dir='ltr'>mem,</span> <span class='ocrx_word' id='word_1_373' title='bbox 1481 3981 1587 4023; x_wconf 87' lang='lat' dir='ltr'>ma</span> <span class='ocrx_word' id='word_1_374' title='bbox 1620 3982 1780 4023; x_wconf 83' lang='lat' dir='ltr'>mem</span> <span class='ocrx_word' id='word_1_375' title='bbox 1813 3963 1926 4041; x_wconf 90' lang='lat'>(==</span> <span class='ocrx_word' id='word_1_376' title='bbox 1954 3964 2295 4044; x_wconf 85' lang='lat' dir='ltr'>m-emem),</span> <span class='ocrx_word' id='word_1_377' title='bbox 2325 3981 2422 4023; x_wconf 83' lang='lat' dir='ltr'>me</span> <span class='ocrx_word' id='word_1_378' title='bbox 2453 3981 2617 4035; x_wconf 80' lang='lat' dir='ltr'>men,</span> 
     </span>
     <span class='ocr_line' id='line_1_35' title="bbox 275 4065 2625 4153; baseline -0.002 -21"><span class='ocrx_word' id='word_1_379' title='bbox 275 4091 561 4153; x_wconf 87' lang='lat' dir='ltr'>quarum·</span> <span class='ocrx_word' id='word_1_380' title='bbox 571 4068 863 4152; x_wconf 86' lang='lat' dir='ltr'>exempla</span> <span class='ocrx_word' id='word_1_381' title='bbox 885 4067 1166 4130; x_wconf 90' lang='lat' dir='ltr'>hocloco</span> <span class='ocrx_word' id='word_1_382' title='bbox 1190 4066 1418 4149; x_wconf 88' lang='lat' dir='ltr'>colligo</span> <span class='ocrx_word' id='word_1_383' title='bbox 1442 4065 1627 4130; x_wconf 88' lang='lat' dir='ltr'>obvia</span> <span class='ocrx_word' id='word_1_384' title='bbox 1650 4066 1720 4129; x_wconf 87' lang='lat' dir='ltr'>in</span> <span class='ocrx_word' id='word_1_385' title='bbox 1736 4067 1908 4129; x_wconf 91' lang='lat' dir='ltr'>Buh.</span> <span class='ocrx_word' id='word_1_386' title='bbox 1933 4090 1947 4129; x_wconf 89' lang='lat'>:</span> <span class='ocrx_word' id='word_1_387' title='bbox 1979 4090 2075 4130; x_wconf 80' lang='lat' dir='ltr'>me</span> <span class='ocrx_word' id='word_1_388' title='bbox 2095 4068 2204 4152; x_wconf 79' lang='lat' dir='ltr'>yel</span> <span class='ocrx_word' id='word_1_389' title='bbox 2223 4068 2344 4130; x_wconf 81' lang='lat' dir='ltr'>bed</span> <span class='ocrx_word' id='word_1_390' title='bbox 2364 4068 2516 4151; x_wconf 77' lang='lat' dir='ltr'>devy</span> <span class='ocrx_word' id='word_1_391' title='bbox 2539 4066 2625 4128; x_wconf 83' lang='lat' dir='ltr'>da</span> 
     </span>
     <span class='ocr_line' id='line_1_36' title="bbox 277 4171 2618 4256; baseline -0.003 -17"><span class='ocrx_word' id='word_1_392' title='bbox 277 4198 438 4239; x_wconf 84' lang='lat' dir='ltr'>mem</span> <span class='ocrx_word' id='word_1_393' title='bbox 469 4183 858 4239; x_wconf 76' lang='lat' dir='ltr'>recommant</span> <span class='ocrx_word' id='word_1_394' title='bbox 882 4177 984 4256; x_wconf 90' lang='lat' dir='ltr'>(eo</span> <span class='ocrx_word' id='word_1_395' title='bbox 1014 4174 1094 4236; x_wconf 89' lang='lat' dir='ltr'>ad</span> <span class='ocrx_word' id='word_1_396' title='bbox 1117 4171 1430 4236; x_wconf 83' lang='lat' dir='ltr'>Davidem</span> <span class='ocrx_word' id='word_1_397' title='bbox 1461 4174 1542 4236; x_wconf 89' lang='lat' dir='ltr'>ad</span> <span class='ocrx_word' id='word_1_398' title='bbox 1570 4194 1676 4235; x_wconf 91' lang='lat' dir='ltr'>me</span> <span class='ocrx_word' id='word_1_399' title='bbox 1703 4175 2306 4256; x_wconf 87' lang='lat' dir='ltr'>commendandum)</span> <span class='ocrx_word' id='word_1_400' title='bbox 2338 4179 2481 4249; x_wconf 83' lang='lat'><strong>196,</strong></span> <span class='ocrx_word' id='word_1_401' title='bbox 2519 4178 2618 4233; x_wconf 92' lang='grc'>13.</span> 
     </span>
     <span class='ocr_line' id='line_1_37' title="bbox 274 4279 2620 4368; baseline -0.003 -21"><span class='ocrx_word' id='word_1_402' title='bbox 274 4306 375 4346; x_wconf 85' lang='lat' dir='ltr'>me</span> <span class='ocrx_word' id='word_1_403' title='bbox 402 4306 488 4368; x_wconf 66' lang='grc' dir='ltr'>γα</span> <span class='ocrx_word' id='word_1_404' title='bbox 518 4281 696 4346; x_wconf 76' lang='lat' dir='ltr'>sider</span> <span class='ocrx_word' id='word_1_405' title='bbox 728 4283 877 4344; x_wconf 84' lang='lat' dir='ltr'>dam</span> <span class='ocrx_word' id='word_1_406' title='bbox 900 4301 1061 4342; x_wconf 84' lang='lat' dir='ltr'>mem</span> <span class='ocrx_word' id='word_1_407' title='bbox 1080 4279 1315 4365; x_wconf 70' lang='lat' dir='ltr'>quelky</span> <span class='ocrx_word' id='word_1_408' title='bbox 1342 4283 1443 4362; x_wconf 89' lang='lat' dir='ltr'>(eo</span> <span class='ocrx_word' id='word_1_409' title='bbox 1467 4280 1686 4342; x_wconf 91' lang='lat' dir='ltr'>statim</span> <span class='ocrx_word' id='word_1_410' title='bbox 1707 4281 1788 4343; x_wconf 88' lang='lat' dir='ltr'>ad</span> <span class='ocrx_word' id='word_1_411' title='bbox 1810 4301 1911 4342; x_wconf 88' lang='lat' dir='ltr'>me</span> <span class='ocrx_word' id='word_1_412' title='bbox 1934 4280 2309 4362; x_wconf 88' lang='lat' dir='ltr'>lavandum)</span> <span class='ocrx_word' id='word_1_413' title='bbox 2342 4286 2484 4356; x_wconf 88' lang='grc'>106,</span> <span class='ocrx_word' id='word_1_414' title='bbox 2518 4283 2620 4340; x_wconf 90' lang='grc'>26.</span> 
     </span>
     <span class='ocr_line' id='line_1_38' title="bbox 277 4381 2626 4471; baseline -0.003 -18"><span class='ocrx_word' id='word_1_415' title='bbox 277 4391 364 4453; x_wconf 85' lang='lat' dir='ltr'>da</span> <span class='ocrx_word' id='word_1_416' title='bbox 393 4387 666 4471; x_wconf 73' lang='lat' dir='ltr'>pim‘qen</span> <span class='ocrx_word' id='word_1_417' title='bbox 698 4381 957 4450; x_wconf 74' lang='lat' dir='ltr'>m&#39;emem</span> <span class='ocrx_word' id='word_1_418' title='bbox 991 4394 1127 4449; x_wconf 75' lang='lat' dir='ltr'>temo</span> <span class='ocrx_word' id='word_1_419' title='bbox 1160 4388 1246 4449; x_wconf 83' lang='lat' dir='ltr'>da</span> <span class='ocrx_word' id='word_1_420' title='bbox 1270 4386 1422 4469; x_wconf 72' lang='lat' dir='ltr'>quir</span> <span class='ocrx_word' id='word_1_421' title='bbox 1451 4401 1603 4448; x_wconf 78' lang='lat' dir='ltr'>roen</span> <span class='ocrx_word' id='word_1_422' title='bbox 1632 4395 1772 4449; x_wconf 75' lang='lat' dir='ltr'>sent</span> <span class='ocrx_word' id='word_1_423' title='bbox 1800 4409 1840 4449; x_wconf 84' lang='lat' dir='ltr'>a</span> <span class='ocrx_word' id='word_1_424' title='bbox 1870 4407 2030 4449; x_wconf 83' lang='lat' dir='ltr'>mem</span> <span class='ocrx_word' id='word_1_425' title='bbox 2060 4395 2240 4449; x_wconf 81' lang='lat' dir='ltr'>rento</span> <span class='ocrx_word' id='word_1_426' title='bbox 2270 4387 2380 4466; x_wconf 86' lang='lat' dir='ltr'>(ad</span> <span class='ocrx_word' id='word_1_427' title='bbox 2407 4385 2626 4468; x_wconf 90' lang='lat' dir='ltr'>poeni-</span> 
     </span>
     <span class='ocr_line' id='line_1_39' title="bbox 277 4491 2624 4574; baseline -0.003 -14"><span class='ocrx_word' id='word_1_428' title='bbox 277 4495 549 4560; x_wconf 87' lang='lat' dir='ltr'>tentiam</span> <span class='ocrx_word' id='word_1_429' title='bbox 591 4516 696 4557; x_wconf 91' lang='lat' dir='ltr'>me</span> <span class='ocrx_word' id='word_1_430' title='bbox 741 4501 1127 4568; x_wconf 85' lang='lat' dir='ltr'>convertam,</span> <span class='ocrx_word' id='word_1_431' title='bbox 1163 4514 1310 4555; x_wconf 92' lang='lat' dir='ltr'>vero</span> <span class='ocrx_word' id='word_1_432' title='bbox 1355 4491 1490 4574; x_wconf 85' lang='lat' dir='ltr'>regi</span> <span class='ocrx_word' id='word_1_433' title='bbox 1521 4501 1887 4556; x_wconf 85' lang='lat' dir='ltr'>sanctorum</span> <span class='ocrx_word' id='word_1_434' title='bbox 1918 4514 2022 4555; x_wconf 92' lang='lat' dir='ltr'>me</span> <span class='ocrx_word' id='word_1_435' title='bbox 2043 4493 2342 4573; x_wconf 80' lang='lat' dir='ltr'>reddam)</span> <span class='ocrx_word' id='word_1_436' title='bbox 2376 4497 2481 4566; x_wconf 89' lang='grc'>42,</span> <span class='ocrx_word' id='word_1_437' title='bbox 2523 4498 2624 4553; x_wconf 91' lang='grc'>10.</span> 
     </span>
    </p>
   </div>
  </div>
 </body>
</html>
