3150 5242
616 362 736 426 VI.
773 367 833 424 2.
898 383 1342 427 CONSTRUCTIO
1374 383 1652 429 POETICA
1684 383 2081 428 HIBERNICA.
2389 362 2514 424 933

214 553 304 593 am
346 532 601 594 obscura
644 533 991 616 composita
1031 544 1206 609 sunt,
1242 544 1317 597 ut
1360 555 1622 597 sensum
1668 554 1888 597 eorum
1918 532 2170 616 assequi
2202 530 2509 615 difficilli-

212 658 366 698 mum
416 635 499 699 sit
537 647 602 701 et
639 638 961 703 interdum
1003 639 1071 701 id
1111 640 1386 723 perfecte
1424 639 1534 703 vix
1575 638 1715 702 fieri
1757 649 1971 722 queat.
1990 638 2025 672 ¹*
2091 639 2398 701 Attamen
2438 648 2514 700 ut

210 740 321 802 sint
357 762 482 803 non
526 744 735 807 solum
775 745 1011 809 formae
1055 747 1165 808 sed
1207 745 1401 816 etiam
1430 745 1691 828 linguae
1720 745 2004 829 poeticae
2034 743 2404 828 specimina,
2439 742 2511 805 in

208 867 435 909 sensum
475 871 726 932 quoque
769 852 870 914 vel
913 872 1141 913 vocum
1183 851 1413 914 formas
1444 850 1806 934 inquiretur
1834 851 1904 913 in
1934 848 2348 935 sequentibus
2379 870 2509 910 car-

204 950 452 1016 minibus
480 955 831 1038 perspicuis
861 968 926 1020 et
953 957 1200 1039 integre
1229 956 1511 1020 servatiS.

346 1059 514 1121 Certi
552 1060 940 1143 syllabarum
968 1062 1219 1125 numeri
1249 1062 1318 1124 in
1350 1063 1571 1144 quovis
1601 1064 1884 1126 membro
1914 1083 2131 1125 versus
2162 1058 2507 1124 adhibendi

200 1163 392 1246 regula
428 1166 745 1247 generalis
777 1167 971 1231 etiam
999 1168 1421 1232 communiter
1450 1169 1779 1231 observata
1808 1168 2153 1231 invenitur.
2217 1167 2370 1229 Non
2402 1166 2507 1226 de-

198 1280 327 1332 sunt
366 1280 575 1335 tamen
605 1272 912 1350 carmina,
950 1295 1111 1356 quae
1141 1275 1296 1336 dum
1327 1284 1584 1336 servant
1612 1274 1920 1358 regulam,
1956 1273 2148 1336 simul
2177 1272 2245 1334 in
2290 1270 2507 1353 singu·

195 1373 261 1437 lis
297 1378 585 1441 membris
627 1379 733 1442 vel
770 1379 964 1441 etiam
1002 1379 1073 1442 in
1110 1380 1403 1462 pluribus
1448 1380 1734 1442 versibus
1779 1401 1970 1441 usum
2000 1378 2122 1441 sibi
2151 1377 2505 1440 liberiorem

194 1502 417 1565 quoque
443 1494 754 1559 sumunt3
789 1484 1021 1547 horum
1048 1484 1418 1568 praesertim
1448 1496 1544 1548 est
1573 1507 1868 1568 sequens.

337 1589 557 1653 Potest
585 1589 852 1653 inscribi
880 1589 1173 1653 Mochris
1204 1589 1564 1672 (cingulum
1594 1594 1838 1671 meum)
1867 1590 2126 1652 vocibus
2155 1611 2269 1672 per
2297 1597 2506 1649 totum

190 1712 415 1757 carmen
464 1695 782 1779 repetitiS.
863 1696 1199 1759 Servatum
1248 1706 1347 1758 est
1395 1695 1465 1757 in
1516 1695 1732 1758 codice
1784 1690 2505 1774 claustroneoburgensi

188 1800 395 1862 saeculi
424 1801 757 1865 undecimi
786 1802 888 1864 vel
917 1800 1275 1863 duodecimi
1304 1801 1443 1884 (qui
1474 1801 1818 1884 inscriptus
1848 1811 1944 1865 est
1981 1793 2228 1865 “codex
2257 1797 2506 1881 regula-

188 1897 352 1981 111111,>
352 1897 639 1971 'formae
662 1906 939 1990 majoriS,
960 1909 1500 1983 membranaceuS,
1523 1906 1592 1969 in
1615 1906 1765 1970 folio
1789 1906 1924 1990 ejus
1941 1905 2497 1990 antepenultimo).

187 2008 274 2070 Ibi
307 2010 552 2076 invenit
597 2012 669 2076 id
698 2012 1054 2096 HauptiuS,
1089 2014 1174 2077 V.
1211 2012 1341 2088 el„
1378 2022 1444 2074 et
1475 2012 1865 2095 descriptum
1892 2035 2145 2075 mecum
2176 2008 2503 2074 humanis·

185 2112 320 2177 sime
347 2118 868 2182 communicavit.
933 2119 1103 2182 Sunt
1132 2128 1273 2180 octo
1303 2117 1531 2194 lineae,
1568 2117 1911 2203 dispositae
1941 2129 2016 2181 ut
2046 2118 2150 2181 hic
2179 2117 2378 2181 refero
2408 2137 2503 2177 se-

183 2222 443 2285 cundum
479 2224 947 2308 apographum,
983 2226 1156 2307 quod
1198 2245 1425 2308 sequor
1466 2226 1676 2307 quoad
1717 2225 1856 2286 fieri
1897 2234 2106 2308 potest
2137 2223 2327 2307 typis,
2363 2222 2501 2283 red-

182 2324 319 2390 dens
361 2328 627 2411 signum
666 2329 1070 2412 aspirationis
1115 2352 1305 2414 super
1346 2339 1373 2394 t
1414 2340 1481 2393 et
1521 2353 1555 2392 c
1587 2334 1679 2413 (p.
1720 2333 1924 2427 8¹)f‘t
1966 2328 2267 2392 lineolam
2311 2348 2501 2411 super

181 2433 405 2496 vocales
436 2435 771 2517 quasdam,
807 2445 882 2498 ut
910 2436 1144 2499 debent
1172 2435 1372 2511 reddi,
1410 2434 1612 2499 solitis
1647 2435 1735 2512 th,
1773 2435 1849 2498 ch
1879 2445 1945 2498 et
1973 2456 2038 2497 n.

186 2586 303 2647 Cris
328 2590 570 2667 flnndin
617 2592 1032 2669 dumimdeqail
1063 2592 1242 2652 imum
1273 2592 1595 2653 imacuairt.
1635 2615 1744 2652 nar
1773 2593 2117 2654 amtairtlzea
2147 2593 2335 2650 inmbt
2362 2591 2498 2649 tim-

1663 2697 1832 2753 cellas
1863 2697 2114 2754 intuaith

181 2790 415 2851 Ram-tha·
438 2795 561 2853 lain
586 2794 858 2853 induledn
871 2796 1176 2855 mubrond.
1203 2799 1392 2856 lurech
1409 2798 1478 2854 db
1492 2797 1908 2874 dumimdeqail
1917 2794 2493 2871 otamindqombond.

187 2891 577 2970 Cresfimieain
601 2898 854 2955 muchrt's
876 2899 1114 2973 arqalar
1135 2899 1341 2956 arches
1356 2899 1623 2973 aruptaib
1642 2898 1945 2957 baumbeth
1961 2898 2195 2976 afraeclz
2212 2897 2492 2952 adamleS.

185 2994 303 3052 Cris
330 2997 454 3055 eoin
482 2982 741 3055 memhris
771 3000 932 3074 ralbq
960 2999 1119 3056 aalide·
1144 3001 1346 3075 nqlan.
1384 3001 1719 3077 daidferqa
1733 3005 1841 3078 fer
1868 3000 1997 3059 soid
2023 3008 2164 3074 apta
2192 2998 2389 3057 mban.

185 3093 303 3153 Cris
329 3099 614 3156 nathrach
643 3098 895 3157 muehris
923 3101 1161 3158 nathat’r
1189 3101 1367 3158 imdta
1396 3108 1780 3177 ndramqonat
1790 3105 1882 3178 fir
1910 3101 2241 3159 naramillet
2265 3105 2420 3157 mna.

253 3198 562 3258 durmnaib
595 3203 824 3258 romdra
835 3201 1067 3277 fomo'ir
1096 3202 1274 3259 imdta

182 3297 385 3359 Fobrut
409 3303 703 3360 muriciam
715 3303 988 3379 fosarabi
1012 3303 1156 3360 inri.
1178 3304 1586 3381 sotrochlanib
1600 3304 1958 3381 fothochlan
1985 3302 2162 3360 mubi.

181 3397 528 3462 Muckolmoc
553 3406 980 3463 ramcharastar
1001 3405 1250 3482 avsbqad
1269 3408 1380 3483 arf
1382 3407 1456 3463 is.
1488 3405 1696 3464 {sairai
1713 3406 2141 3463 ramcharastar
2165 3404 2298 3461 nair
2320 3404 2507 3462 istend

1659 3506 1927 3566 moohris.
1948 3502 2014 3537 *³⁸⁵

302 3687 327 3713 ¹*
360 3689 539 3742 Velim
576 3689 812 3743 Hiberni
848 3691 1020 3746 nativi
1056 3692 1161 3762 ipsi
1197 3691 1284 3744 his
1320 3693 1670 3746 enucleandis
1705 3709 1923 3762 operam
1957 3690 2105 3755 dent,
2136 3690 2232 3743 sed
2270 3690 2500 3754 cautius,

181 3771 377 3837 sensim,
401 3791 516 3827 rem
542 3791 653 3826 non
679 3776 855 3829 obiter
877 3784 1195 3847 peragentes
1221 3784 1278 3831 et
1298 3777 1461 3830 modo
1487 3777 1880 3846 interpretandi
1904 3775 2132 3829 nimium
2147 3774 2504 3871 111-011110.Εο

153 3854 326 3907 modo
363 3866 417 3911 et
439 3859 703 3924 Toddius,
732 3861 815 3915 vir
849 3862 988 3915 bene
1027 3862 1253 3916 meritus
1291 3862 1359 3915 de
1394 3861 1567 3915 literis
1605 3861 1916 3925 hibernicis,
1945 3878 2057 3913 non
2095 3859 2375 3914 inveniens
2400 3859 2505 3911 sibi

182 3934 537 3996 difficultatem
575 3943 632 3995 in
670 3944 764 3998 illo
790 3946 985 3999 ultimo
1010 3947 1229 4000 oraculo
1259 3944 1306 4016 (“
1314 3953 1532 4015 present
1554 3963 1628 3997 no
1655 3942 1972 4047 difficulty?
2003 3951 2069 3998 ut
2089 3945 2256 3997 refert
2278 3944 2348 3995 ad
2372 3943 2504 3996 Kel-

182 4020 374 4080 lerum
358 4047 415 4082 m
435 4030 563 4083 libri
584 4046 748 4098 supra
773 4031 980 4084 laudati
994 4049 1049 4101 p.
1067 4032 1175 4103 93),
1197 4028 1391 4086 v'ertit‘
1394 4028 1450 4083 ‘a
1474 4028 1873 4099 preservation’'
1894 4032 2009 4102 jam
2024 4030 2258 4099 primum
2274 4027 2507 4079 vocabu-

182 4105 282 4162 lum
317 4118 509 4168 tessurc
539 4114 659 4184 (nec
697 4115 853 4169 aliter
889 4116 1038 4185 alia).
1092 4115 1201 4169 Sed
1237 4122 1321 4168 est
1343 4115 1567 4169 verbum
1594 4114 1696 4167 hoc
1720 4133 1818 4186 pro
1843 4117 2086 4168 does-sure
2115 4113 2190 4182 (p.
2217 4115 2338 4162 140.
2370 4114 2501 4174 852;

181 4189 213 4242 i.
239 4211 283 4245 e.
304 4200 569 4264 concutio,
602 4216 912 4254 commoveo
938 4206 1230 4264 mortuum,
1252 4200 1477 4270 vivum),
1497 4200 1701 4268 primae
1725 4217 1987 4269 personae
2011 4205 2075 4251 ut
2098 4197 2204 4249 alia
2227 4195 2508 4265 sequentia

183 4274 337 4331 henim
361 4284 552 4350 aqahzr
578 4282 733 4351 (ferio
758 4284 1049 4356 morbum),
1071 4284 1357 4336 admm'mcr
1382 4283 1668 4337 insldnicid
1686 4284 1830 4354 (volo
1856 4302 1973 4337 eam
1992 4281 2326 4336 sanationem
2346 4298 2508 4349 quam

181 4362 415 4425 praebuit
436 4366 755 4432 Diancecht‚
784 4370 1026 4423 medicus
1050 4368 1424 4440 peritissimus,
1455 4369 1611 4439 suis).
2401 4389 2406 4390 ⁷

230 4452 241 4456 ’
284 4446 335 4474 *⁴¹¹
367 4448 537 4503 Po'e'ta
570 4452 754 4509 illudit
776 4454 1018 4522 pristinis
1044 4455 1157 4508 suis
1183 4454 1659 4523 superstitionibus
1684 4453 1940 4507 inductus
1964 4450 2021 4503 in
2047 4449 2321 4502 meliorem
2347 4455 2403 4500 et
2426 4448 2513 4503 fir·
