3150 5242
585 385 710 446 696
1082 386 1203 449 IV.
1244 394 1303 447 3.
1368 406 1902 450 CONJUNCTIONES
1935 369 2413 451 BRITANNICAE.

587 577 629 638 y
675 553 915 637 kenyoh
959 553 1041 636 ef
1071 575 1154 616 aa
1191 577 1233 638 y
1271 556 1448 639 πρωϊ
1483 555 1746 639 ymeith.
1791 604 1804 617 .
1848 584 1874 617 .’
1900 577 1975 617 ao
2017 578 2098 640 yr
2129 549 2265 618 aior
2291 578 2334 640 y
2363 557 2545 618 rodes
2578 557 2793 641 unllef
2809 577 2910 619 ar-

591 681 756 721 naw.
806 660 899 742 yd
935 658 1079 719 aeth
1119 681 1161 742 y
1202 661 1378 744 72wa
1412 661 1651 744 ymeith.
1694 663 1799 741 (ab
1842 661 2018 736 hora,
2056 683 2182 743 qua
2225 661 2523 723 cecineris
2564 683 2660 737 eo,
2696 683 2906 737 cornu,

591 763 790 826 abibit
833 763 1071 851 nebula
1083 787 1101 837 3
1154 774 1217 826 et
1262 786 1341 826 ex
1386 788 1510 847 quo
1552 765 1729 843 dedit
1767 788 1973 827 unum
2014 765 2296 828 sonitum
2339 787 2434 842 e0,
2472 766 2629 829 abiit
2658 766 2913 847 nebula)

592 870 767 931 Mab.
809 874 868 944 2,
909 875 1010 930 65.
1052 875 1153 931 66.
1219 871 1320 933 Cf.
1357 883 1421 934 et
1449 893 1600 933 mox
1630 893 1898 953 sequens
1916 879 2097 954 pryt.
2785 953 2789 957 ¹

761 973 1006 1036 Positio
1050 977 1339 1039 absoluta
1382 976 1726 1051 cambrica‚
1779 974 1978 1035 veluti
2020 973 2485 1056 primitivarum
2529 976 2919 1059 conjunctio-

590 1101 749 1140 num
779 1101 834 1140 e.
871 1100 965 1160 gr.
989 1081 1126 1161 pei,
1165 1104 1282 1144 can
1315 1082 1422 1163 (cf.
1458 1076 1523 1163 p.
1563 1084 1748 1162 424),
1784 1101 1915 1141 non
1954 1079 2167 1141 minus
2208 1079 2501 1162 frequens
2548 1092 2681 1157 est,
2731 1103 2920 1163 quam

591 1183 842 1247 cornica
883 1185 985 1246 vel
1029 1185 1366 1249 armorica:
1404 1208 1546 1267 pan
1584 1184 1875 1268 yeissych
1921 1185 1994 1247 di
2029 1185 2182 1268 vyui
2222 1185 2357 1247 kei-s
2373 1186 2578 1267 parth
2619 1208 2702 1247 ar
2741 1185 2921 1248 india

591 1292 871 1373 <quando
898 1300 967 1352 tu
991 1309 1250 1373 quaeres
1274 1309 1396 1364 me,
1429 1311 1657 1372 quaere
1679 1311 1897 1357 versus
1921 1291 2202 1372 Indiam)
2228 1292 2404 1353 Mab.
2441 1299 2498 1368 1,
2531 1296 2679 1352 273.
2708 1290 2923 1372 aphau

591 1395 887 1460 deuthum
930 1418 1076 1480 yn0.
1112 1394 1371 1477 hoffach
1415 1397 1535 1457 oed
1565 1396 1826 1478 yennys
1853 1397 1944 1475 (et
1984 1417 2131 1456 cum
2173 1396 2453 1458 venirem
2497 1396 2674 1471 illuc,
2721 1394 2923 1477 magis

588 1501 829 1584 placuit
858 1500 1045 1582 mihi)
1079 1501 1255 1562 Mab.
1292 1506 1349 1575 1,
1383 1507 1440 1561 6.
1507 1500 1814 1583 Ejusdem
1843 1522 1998 1562 usus
2029 1501 2304 1563 absoluti
2326 1524 2443 1564 nec
2471 1523 2603 1564 non
2634 1511 2700 1563 et
2729 1500 2923 1582 signi-

588 1607 903 1669 ficationis
947 1606 1230 1689 ejusdem
1271 1605 1528 1667 invenio
1569 1606 1770 1668 subst.
1824 1604 1905 1667 lle
1936 1604 2200 1687 (locus):
2255 1628 2358 1669 am
2400 1606 2629 1689 ueneyi
2670 1604 2929 1689 okonafi
2992 1667 3006 1681 ,

587 1711 714 1794 ytti
741 1713 823 1795 dy
857 1711 966 1773 ZeS.
1005 1711 1089 1773 lle
1117 1732 1234 1794 nys
1266 1720 1499 1773 metrut
1528 1712 1612 1794 dy
1645 1710 1776 1772 kun
1801 1712 2083 1792 (propter
2105 1702 2528 1774 monstratum
2550 1734 2588 1774 a
2607 1733 2712 1774 me
2740 1722 2927 1774 tuum

590 1818 1014 1890 commodum,
1050 1836 1196 1877 cum
1227 1826 1299 1877 tu
1321 1815 1468 1897 ipsa
1496 1814 1564 1881 id
1593 1837 1726 1877 non
1755 1815 2090 1897 cogitares)
2122 1817 2297 1878 Mab.
2341 1824 2397 1892 1,
2442 1823 2540 1880 19.

761 1920 1108 2004 Oppositae
1138 1930 1290 1982 sunt
1319 1919 1606 1983 formulis
1635 1920 1962 1983 cambriois
1994 1942 2066 1982 or
2087 1944 2243 2002 pan,
2271 1944 2528 2005 yrpan‚
2559 1922 2926 2004 significan-

591 2026 761 2088 tibus
795 2025 1157 2101 terminum,
1189 2047 1229 2086 α
1258 2047 1378 2107 quo
1408 2025 1735 2107 incipitur,
1771 2027 2078 2089 formulae
2109 2027 2224 2110 hyt
2236 2049 2402 2108 pan,
2438 2028 2616 2090 behet
2630 2049 2796 2109 pan,
2827 2008 2930 2089 hiet

575 2154 739 2211 pan,
771 2130 1200 2211 significantes
1233 2129 1600 2205 terminum,
1637 2132 1727 2192 ad
1753 2153 1933 2213 quem
1965 2132 2220 2194 ducitur
2249 2132 2512 2214 aliquid,
2541 2154 2676 2194 non
2705 2131 2923 2194 minus

588 2235 972 2316 frequenteS,
1010 2256 1066 2296 e.
1101 2257 1196 2317 gr.
1233 2236 1302 2297 in
1333 2235 1858 2318 descriptionibus
1888 2237 2117 2300 finium
2146 2237 2293 2299 libri
2325 2238 2644 2299 Landav.:
2694 2244 2855 2298 nant
2880 2259 2923 2320 y

592 2340 758 2403 hard
796 2339 982 2423 m'hyt
1023 2362 1104 2425 yr
1142 2341 1394 2424 μιαίνει
1435 2342 1552 2424 hyt
1580 2364 1721 2423 pan
1765 2327 2047 2426 dyscymz
2088 2343 2359 2426 yndour.
2398 2343 2560 2404 dour
2599 2364 2684 2425 ny
2732 2341 2849 2424 kyt
2881 2364 2923 2424 y

582 2445 837 2527 yuaz‘ret
864 2445 978 2528 hyt
994 2468 1136 2527 pan
1170 2446 1432 2529 discynn
1462 2469 1504 2529 y
1529 2467 1841 2529 yzcormuy
1867 2447 2077 2528 (vallis
2106 2447 2286 2509 bardi
2314 2469 2425 2530 per
2452 2446 2928 2529 longitudinem

602 2551 895 2612 deorsum
954 2552 1150 2613 donec
1198 2551 1524 2614 descendit
1566 2551 1637 2613 in
1675 2552 1801 2628 D.,
1854 2553 2204 2613 secundum
2244 2552 2330 2613 D.
2381 2552 2678 2613 deorsum
2720 2552 2925 2613 donec

587 2657 915 2719 descendit
945 2656 1012 2718 in
1038 2658 1180 2738 G),
1213 2665 1462 2740 taratyr
1490 2679 1574 2740 ny
1606 2656 1722 2739 hyt
1747 2680 1789 2741 y
1815 2656 2072 2740 yuairet
2096 2657 2213 2740 hyt
2225 2678 2366 2738 pan
2396 2656 2663 2741 discynn
2693 2680 2735 2741 y
2764 2679 2919 2741 yuy.

587 2784 709 2845 vuy
739 2763 940 2846 nylzyt
962 2747 1206 2843 hilpan
1232 2762 1497 2844 ἀίει-μηνὶ
1519 2784 1607 2844 yn
1630 2761 1866 2844 hafren
1892 2763 2271 2842 (secundum
2294 2763 2372 2824 T.
2402 2764 2698 2824 deorsum
2721 2762 2924 2824 donec

587 2866 756 2929 cadit
798 2866 865 2928 in
898 2867 1011 2941 G„
1048 2867 1399 2929 secundum
1432 2867 1516 2927 G.
1552 2866 1753 2927 donec
1796 2866 1965 2928 cadit
2002 2866 2071 2928 in
2103 2866 2463 2948 Sabrinam)
2502 2873 2645 2928 127.
2693 2889 2771 2929 ar
2812 2866 2930 2951 hyt

596 2972 658 3032 ir
717 2971 913 3033 claud
967 2972 1065 3033 bet
1099 2992 1242 3051 pan
1297 2973 1581 3055 dysoynn
1633 2993 1720 3054 yn
1776 2970 1951 3055 lyfm'
1999 2973 2379 3054 (secundum
2435 2972 2669 3034 fossam
2722 2974 2924 3034 donec

589 3075 916 3138 descendit
957 3075 1027 3138 in
1068 3077 1179 3156 L.)
1219 3082 1360 3137 138.
1411 3097 1489 3137 ar
1532 3075 1657 3138 ibit
1699 3076 1798 3139 bet
1826 3077 2012 3157 pann
2056 3076 2305 3139 discinn
2347 3076 2415 3139 in
2461 3077 2638 3139 lecha
2671 3079 2924 3157 (sec-un·
2967 3127 2974 3134 .

588 3182 742 3243 dum
773 3202 933 3257 eam,
969 3182 1223 3257 vallem,
1260 3182 1459 3243 donec
1490 3181 1817 3244 descendit
1846 3181 1913 3242 in
1947 3182 2059 3262 L.)
2091 3187 2236 3257 231,
2267 3192 2330 3243 et
2359 3182 2428 3243 in
2458 3181 2748 3264 pluribus
2782 3174 2923 3243 aliis

586 3286 763 3347 lociS.
829 3288 884 3348 E
916 3288 1092 3349 Mab.
1120 3309 1133 3348 t
1173 3288 1470 3371 dyrnawt
1510 3288 1735 3349 arodes
1764 3309 1806 3370 y
1835 3286 2193 3348 marohawo
2220 3308 2262 3369 y
2293 3285 2625 3349 walokmei
2651 3286 2923 3369 hytpan

589 3399 748 3453 troes
791 3414 872 3474 yr
916 3391 1125 3476 helym
1166 3415 1208 3476 y
1252 3413 1329 3452 ar
1363 3414 1406 3475 y
1448 3393 1663 3476 wyneb
1696 3392 1977 3474 (plagam
2014 3391 2191 3453 dedit
2222 3413 2412 3473 eques
2443 3391 2513 3453 in
2543 3392 2682 3466 W.,
2720 3391 2921 3452 donec

588 3496 835 3573 cecidit,
885 3507 961 3557 ut
1001 3498 1251 3559 caderet
1292 3496 1484 3558 cassis
1530 3518 1568 3558 a
1612 3496 1795 3576 facie)
1833 3503 1891 3572 1,
1931 3501 2034 3558 25.
2085 3495 2308 3558 botheu
2352 3489 2679 3579 ayatwant
2715 3517 2921 3577 ywres

583 3588 853 3684 yndunt.
891 3649 905 3663 .
941 3650 955 3664 .
992 3603 1106 3688 hyt
1124 3623 1260 3683 pan
1294 3601 1467 3664 deler
1494 3623 1574 3684 yr
1598 3599 1927 3683 yorllewin
1961 3600 2251 3682 (lagenae
2281 3604 2624 3664 servabunt
2651 3602 2924 3664 calorem

586 3706 655 3767 in
687 3727 774 3782 se,
812 3708 1010 3769 donec
1041 3707 1330 3769 venietur
1359 3707 1428 3768 in
1461 3706 1879 3785 occidentem)
1916 3711 1975 3781 2,
2016 3709 2161 3768 225.

758 3812 1052 3874 Occurrit
1090 3822 1410 3899 praeterea
1453 3810 1766 3873 cambrica
1806 3810 2008 3873 forma
2035 3829 2301 3899 pany'w,
2338 3812 2685 3895 composita
2710 3823 2802 3897 yut
2828 3812 2922 3874 vi-

587 3918 780 3979 detur
816 3939 850 3978 e
891 3903 1340 4000 conjunctione
1383 3927 1447 3979 et
1489 3917 1680 3979 verbo
1712 3917 2131 3993 substantiVO,
2168 3912 2534 4000 significans
2564 3918 2676 3979 lat.
2712 3919 2885 4000 quod
2898 3946 2919 3981 .-

585 4024 1078 4106 ydywedassant
1114 4031 1361 4106 wynteu
1387 4045 1632 4106 panyw
1662 4022 1937 4085 meroket
1964 4022 2142 4084 ieirll
2166 4024 2393 4109 oedynt
2423 4023 2752 4103 (dixerunt
2781 4044 2913 4099 eae,

587 4128 756 4209 quod
801 4127 969 4190 filiae
1013 4127 1259 4191 comitis
1291 4133 1528 4210 essent)
1562 4130 1738 4191 Mab.
1781 4135 1838 4205 1,
1881 4133 1981 4189 36.
2032 4150 2107 4189 ao
2134 4151 2176 4211 y
2210 4129 2482 4211 dywawt
2506 4151 2548 4212 y
2574 4149 2714 4212 ywr
2745 4127 2923 4212 llwyt

571 4256 814 4318 panyw
844 4236 1132 4316 peredur
1173 4257 1247 4297 ae
1282 4235 1659 4319 yoruuassei
1694 4237 1785 4317 (et
1830 4234 1995 4297 dixit
2039 4233 2137 4297 vir
2180 4234 2420 4310 fuscuS‚
2460 4235 2630 4317 quod
2659 4235 2736 4295 P.
2774 4254 2921 4296 eum

586 4339 866 4421 vicisset)
905 4347 960 4415 1,
1001 4346 1145 4402 266.

755 4446 1025 4509 Cornica
1055 4448 1375 4529 exempla:
1415 4447 1623 4509 henna
1637 4466 1780 4525 pan
1804 4445 2042 4527 ylewas
2073 4467 2115 4507 α
2146 4446 2442 4533 brederys
2467 4444 2614 4526 (hoc
2638 4465 2785 4506 cum
2807 4463 2918 4506 au-
