3150 5242
635 385 719 446 V.
763 389 819 445 1.
888 403 1252 447 nEvarlo
1283 401 1695 446 Bnl'rAchA
1725 402 2066 446 TENumM.
2397 380 2520 443 809

205 554 265 616 in
309 554 503 618 subst.
540 556 779 619 eambr.
815 554 1028 632 kenut,
1081 554 1331 639 kynnut
1360 553 1662 637 (lignum,
1699 554 2228 633 comburendum)
2259 553 2418 635 Leg.
2462 557 2518 612 1.

209 667 297 722 38.
334 669 402 736 53
442 668 501 723 6.
540 663 720 729 Mab.
762 667 820 738 1,
861 667 963 723 31.
1000 666 1147 738 238,
1185 683 1413 724 armor.
1450 661 1681 725 burzut
1709 660 2153 743 (miraculum3
2189 658 2340 765 bod.
2378 657 2523 721 bur-

204 769 318 830 zud
335 789 529 830 maso.
536 770 564 849 )
597 768 769 830 Buh.
809 774 915 845 46,
962 776 1060 832 10.
1102 774 1248 844 106,
1290 774 1392 844 19,
1428 767 1483 831 si
1513 789 1647 830 non
1676 756 2049 850 composita.

352 876 411 956 o)
453 874 837 938 Accedentis
889 897 1036 937 cum
1086 873 1412 938 vocalibus
1464 873 1790 957 productis
1830 883 2173 936 occurrunt
2215 871 2524 935 formulae

198 990 539 1063 sequentes.

345 1064 468 1149 AT
510 1085 581 1148 in
619 1086 1035 1150 substantivis
1081 1085 1435 1163 cambricis,
1470 1088 1693 1150 verber
1736 1087 1838 1149 vel
1865 1087 2125 1170 plagam
2154 1084 2523 1169 significans

198 1215 254 1256 re
287 1193 505 1275 aliqua
533 1193 638 1256 vel
666 1192 1117 1270 instrumentO,
1154 1192 1259 1255 cui
1288 1192 1544 1256 additur
1572 1192 1902 1269 derivati0,
1935 1192 2279 1256 inflictam:
2317 1192 2523 1276 εἶθαρ]-

196 1301 352 1363 dawt
375 1299 577 1382 (ictus
606 1299 820 1382 gladio
842 1299 1060 1363 illatus
1075 1324 1095 1375 ;
1131 1299 1256 1383 leg.
1287 1299 1713 1383 eledyuawffl)
1739 1300 1917 1362 Mab.
1950 1305 2010 1376 2,
2042 1304 2189 1361 213.
2224 1300 2521 1375 dernaut,

189 1407 479 1490 dyrnawt
506 1405 785 1488 (proprie
828 1406 1018 1488 plaga
1062 1428 1260 1468 manu
1296 1405 1398 1469 vel
1428 1428 1649 1489 pugno
1677 1406 1867 1481 faeta,
1903 1428 1941 1467 a
1972 1407 2175 1482 dwrn,
2213 1407 2326 1468 sed
2355 1426 2522 1467 eom·

184 1511 458 1574 muniter
503 1511 706 1574 ictum
748 1510 1069 1594 indicans)
1103 1513 1260 1595 Leg.
1281 1519 1361 1574 ⁷l.
1404 1520 1462 1574 7.
1503 1518 1607 1575 21.
1657 1514 1836 1575 Mab.
1871 1512 1959 1596 fq.
2024 1513 2108 1574 In
2146 1512 2367 1574 lexicis
2408 1512 2523 1575 ho-

182 1618 432 1680 diernae
463 1617 725 1701 linguae
753 1629 1062 1681 notantur
1091 1617 1450 1682 masculina
1476 1620 1746 1704 dyrnod,
1778 1619 2148 1703 cleddysod,
2175 1618 2267 1702 pl.
2298 1619 2518 1695 —odau,

180 1745 210 1786 e
235 1747 435 1788 maso.
475 1726 681 1800 dwrn,
718 1724 1000 1808 cleddyf,
1031 1727 1142 1788 sed
1172 1724 1481 1788 feminina
1509 1725 1730 1808 avjfod,
1760 1725 2015 1808 paffod,
2034 1725 2281 1809 ffonod
2304 1746 2338 1786 e
2368 1725 2517 1787 fem.

179 1832 299 1915 arf
317 1831 905 1913 (instrumentum),
936 1833 1103 1916 paff
1122 1832 1416 1914 (palma),
1435 1831 1591 1915 ffin
1623 1830 1878 1914 (clava),
1918 1831 2006 1894 ita
2046 1841 2122 1894 ut
2152 1831 2283 1895 sint
2312 1842 2387 1895 ut
2417 1854 2520 1895 su-

175 1959 284 2020 pra
314 1947 695 2001 enumerata
723 1938 1028 2002 armorica
1055 1938 1292 2001 in--ad.
1344 1939 1674 2000 Notantur
1705 1947 1921 2000 tamen
1947 1938 2141 2001 etiam
2166 1939 2523 2003 masculina

171 2045 489 2126 yorddod,
528 2044 765 2108 bolltod
791 2066 824 2106 e
855 2043 1180 2106 femininis
1206 2045 1423 2127 yordd
1450 2044 1799 2127 (malleus),
1837 2046 1991 2108 bollt
2021 2045 2311 2128 (hasta).

210 2185 214 2188 >
345 2150 521 2212 Sunt
562 2150 754 2213 etiam
794 2150 917 2213 alia
960 2149 1245 2233 ejusdem
1277 2149 1743 2214 terminationis
1783 2151 2214 2215 substantiva:
2268 2153 2513 2238 aylaut,

171 2257 257 2339 pl.
312 2256 591 2341 aylodeu
636 2258 1020 2338 (membrum
1065 2255 1375 2339 familiae)
1407 2258 1565 2340 Leg.
1610 2264 1666 2319 1.
1707 2266 1766 2320 5.
1807 2264 1866 2319 5.
1920 2259 2171 2322 deuawt
2210 2262 2397 2341 (mOS,
2440 2259 2522 2322 ri-

173 2374 297 2438 1118,
355 2361 708 2444 institutio)
751 2365 927 2426 Mab.
972 2370 1027 2439 1,
1070 2368 1127 2424 1.
1183 2370 1422 2426 tauawt
1465 2362 1772 2446 (lingua)
1807 2365 1983 2427 Mab.
2027 2371 2085 2441 1,
2128 2371 2229 2427 11.
2269 2369 2330 2440 2,
2370 2371 2516 2427 382.

174 2476 323 2532 388.
370 2468 710 2553 qwaelawt
738 2469 1002 2552 (solum)
1035 2469 1226 2531 Mab.·
1254 2472 1313 2545 2,
1353 2473 1498 2531 201.
1539 2475 1598 2546 3,
1639 2474 1784 2532 302.
1827 2476 1971 2533 303.
2014 2471 2332 2555 rymzawd
2360 2475 2520 2553 (mo-

168 2564 507 2652 mentum,
558 2585 807 2658 tempus
860 2576 964 2640 vel
1014 2573 1297 2660 spatium
1347 2579 1645 2659 parvum)
1692 2578 1868 2640 Mab.
1914 2584 1969 2654 1,
2009 2583 2069 2640 3.
2109 2583 2168 2640 6.
2228 2577 2512 2656 bracaut,

170 2682 513 2757 bracbant,
570 2682 876 2765 brayaut,
936 2684 1224 2764 brayawt
1275 2682 1643 2765 (mulsum)
1698 2684 1787 2766 gl.
1848 2683 2060 2746 Oxon.
2112 2685 2269 2767 Leg.
2336 2685 2514 2747 Mab.

153 2789 465 2872 peckawt
505 2790 915 2871 (peceatum)
959 2790 1136 2851 Mab.
1181 2795 1237 2865 1,
1279 2793 1425 2849 243.
1494 2789 1664 2852 Sunt
1707 2789 1900 2852 etiam
1940 2790 2095 2853 haec
2141 2790 2374 2853 diversi
2415 2811 2525 2872 ge-

167 2896 345 2959 neris
376 2895 451 2956 in
480 2894 788 2957 hodierna
816 2895 1061 2978 lingua,
1096 2895 1452 2957 masculina
1483 2896 1753 2980 tafawd,
1783 2898 2157 2979 qwaelawd,
2179 2894 2518 2979 pechawd,

147 3002 487 3067 ‘feminina
519 3001 785 3076 aelawd,
816 3001 1096 3084 defawd,
1129 3002 1238 3063 sed
1265 3000 1578 3085 pluralem
1603 3002 1817 3065 omnia
1839 3003 2181 3066 formantia
2203 3002 2272 3064 in
2297 3003 2515 3065 -odau,

343 3106 757 3191 Adjeetivum
785 3106 1085 3190 primitus
1117 3107 1370 3170 videtur
1385 3107 1636 3190 priawt
1666 3109 2049 3192 (proprius):
2099 3111 2180 3194 ef
2197 3108 2362 3172 ehem
2390 3131 2520 3193 yny

150 3215 413 3300 priawt
439 3234 680 3296 person
724 3211 886 3297 (ipse
925 3213 997 3276 in
1039 3236 1155 3278 sua
1197 3213 1454 3298 propria
1496 3219 1795 3298 persona)
1829 3217 2006 3279 Mab.
2048 3222 2106 3291 3,
2148 3222 2293 3277 303.
2360 3216 2523 3277 Inde

165 3324 378 3387 subst.
416 3341 610 3382 maso.
634 3318 883 3401 pm'awt
911 3321 1233 3401 (sponsus,
1262 3320 1560 3402 maritus)
1593 3322 1769 3383 Mab.
1799 3320 1917 3402 fq.,
1949 3332 2013 3383 et
2027 3320 2304 3403 priodas
2329 3323 2523 3404 (nup-

164 3430 326 3510 tiae)
359 3427 540 3488 Mab.
586 3431 642 3502 1,
682 3431 785 3488 21.
849 3426 1119 3490 Corniea
1172 3426 1604 3490 substantiva:
1658 3435 1834 3490 tauot
1876 3427 2188 3510 (lingua),
2241 3427 2527 3511 ὂνερααιῖ

166 3534 516 3619 (mulsum)
559 3532 800 3594 vocab.
874 3532 1234 3596 Armorica.
1283 3534 1469 3617 priet
1509 3533 1855 3618 (maritus)
1896 3534 2069 3597 Buh.
2115 3539 2270 3611 126,
2311 3540 2370 3596 8.
2415 3540 2515 3596 13.

151 3640 414 3726 pechet,
447 3639 538 3723 pl.
563 3638 892 3719 pechedou
924 3640 1314 3722 (peccatum)
1346 3640 1435 3723 fq.

343 3743 645 3828 Duplieis
691 3766 875 3827 porro
906 3744 1313 3809 derivationis
1345 3746 1619 3810 formula
1650 3725 1848 3823 ΤΑΤ,
1886 3770 2047 3831 quae
2079 3749 2343 3814 omnino
2374 3772 2523 3813 eon-

161 3852 389 3917 venire
433 3851 686 3914 videtur
727 3873 875 3914 cum
914 3852 1029 3915 lat.
1080 3859 1203 3915 -tat
1230 3851 1340 3934 (ef.
1375 3852 1627 3915 hibern.
1663 3863 1791 3916 vet.
1830 3854 2010 3931 -do'it,
2046 3878 2112 3939 p.
2155 3863 2298 3926 744.
2341 3861 2516 3940 768),

161 3981 303 4024 non
370 3958 740 4040 infrequens
807 3968 924 4020 est.
1012 3958 1096 4020 In
1171 3958 1499 4021 cambrieis
1569 3958 1986 4023 substantivis
2042 3961 2233 4044 (hod.
2294 4001 2319 4011 ·
2336 3966 2528 4028 dawd

162 4066 438 4145 maso.):
477 4064 909 4148 moruyndaut
931 4062 1324 4147 (virg-initas)
1358 4066 1522 4147 Leg.
1556 4068 1616 4126 2.
1657 4072 1717 4127 4.
1758 4072 1817 4126 9.
1858 4070 2262 4150 querendam
2289 4072 2520 4152 (status

159 4170 451 4256 puellae)
478 4170 638 4251 Leg.
670 4174 730 4230 2.
771 4177 824 4230 1.
860 4175 962 4231 39.
999 4170 1370 4233 escolectaut
1394 4173 1628 4251 (status
1654 4172 1984 4255 scholaris)
2011 4174 2168 4257 Leg.
2208 4185 2261 4237 l.
2283 4184 2387 4239 43.
2417 4184 2515 4240 11.

162 4277 591 4362 teilynqdawt
621 4274 956 4359 (dignitas)
990 4276 1166 4338 Mab.
1208 4282 1268 4352 3,
1307 4281 1454 4338 298.
1506 4277 2035 4361 aykemkendawt
2065 4281 2520 4366 (impudentia)

160 4384 345 4448 Mab.
388 4387 452 4459 2,
492 4389 596 4444 65.
661 4383 901 4445 Totum
943 4381 1220 4445 latinum
1274 4381 1523 4447 videtur
1574 4381 1857 4448 kiwtawt
1892 4385 2192 4470 (civitas)
2236 4389 2413 4451 Mab.
2456 4398 2516 4465 3,

162 4498 313 4554 298.
357 4496 509 4553 303.
578 4488 769 4552 Corn.
807 4488 1122 4575 ,kuueldot
1164 4488 1550 4573 (humilitas)
1582 4491 1823 4554 Vocab.
1890 4492 2139 4556 Armor.
2179 4493 2524 4577 querohdet
