3150 5242
592 370 717 435 686
1092 374 1213 437 IV.
1253 379 1312 435 3.
1378 392 1912 438 comunc‘nonns
1943 392 2418 436 BRITANNICAB.

762 541 1088 606 Particula
1125 545 1345 606 eadem
1391 542 1649 627 copulat
1690 543 1788 607 bis
1818 544 1921 607 vel
1952 543 2205 626 saepius
2233 541 2463 627 posita,
2499 542 2656 604 dum
2685 541 2924 625 disjun-

587 650 684 732 git
712 649 1024 732 particula
1051 650 1192 725 ΑΕ,
1229 671 1497 733 quarum
1528 650 1648 712 hoc
1677 649 1816 712 loco
1848 649 2064 712 statim
2093 648 2385 711 consocio
2415 647 2729 729 exempla.

758 756 873 818 AC
906 792 990 802 -
1015 755 1161 831 Ac,
1192 756 1254 817 A
1284 791 1363 803 -
1394 756 1456 817 A
1486 758 1579 836 (et
1611 792 1686 803 —
1721 766 1818 832 et,
1856 767 1988 818 tam
2018 793 2104 805 -
2134 757 2393 838 quam):
2443 752 2924 838 quassanaetk

586 884 782 946 yoreu
828 862 1118 945 aallwyfi
1155 859 1249 922 mi
1288 884 1363 923 αθ
1400 863 1641 946 qwnaf
1669 885 1747 924 αθ
1787 861 1956 925 idaw
1987 885 2064 924 ac
2091 885 2134 945 y
2164 860 2366 923 uarch
2397 859 2734 940 (servitum
2764 858 2923 941 opti·

587 988 766 1030 mum
809 988 998 1049 quem
1038 988 1301 1050 possum
1339 967 1566 1030 faciam
1611 978 1676 1030 et
1704 967 1828 1051 ipsi
1858 978 1922 1030 et
1952 968 2089 1050 ejus
2119 970 2310 1049 equo)
2344 967 2519 1028 Mab.
2559 969 2619 1040 2,
2667 971 2766 1027 13.
2813 966 2925 1049 dy-

582 1074 873 1156 qudaw
928 1072 1391 1157 awnaethpwyt
1426 1095 1556 1156 yna
1599 1095 1819 1158 aqur
1858 1073 2080 1136 achwn
2120 1094 2342 1135 arnaw
2384 1072 2734 1153 (incurrere
2763 1069 2927 1152 jussi

588 1189 744 1241 tunc
789 1189 922 1241 tam
961 1178 1081 1242 viri
1122 1200 1315 1261 quam
1356 1201 1543 1242 canes
1589 1179 1659 1241 in
1690 1202 1859 1255 eum,
1899 1180 2153 1261 aprum)
2187 1183 2247 1254 2,
2288 1185 2434 1240 244.
2501 1179 2670 1240 Cum
2699 1197 2926 1259 prono-

586 1284 762 1347 mine
804 1285 1156 1367 possessivo
1200 1292 1258 1347 3.
1295 1307 1393 1368 ps.
1430 1308 1621 1348 αθ·--
1649 1308 1766 1349 ae.-
1813 1307 1958 1348 naw
1992 1283 2250 1368 ywidon
2290 1284 2457 1347 cneii
2483 1283 2688 1368 yssyd
2710 1303 2862 1366 yma
2892 1304 2927 1342 o

586 1389 860 1454 widonot
901 1390 1204 1475 kaeloyw.
1238 1414 1317 1471 Ιαθ
1363 1400 1457 1454 tat
1499 1415 1575 1454 αθ
1604 1413 1773 1454 mam
1798 1399 1915 1475 qyt
1943 1413 2020 1453 ac
2048 1399 2222 1474 wynt
2249 1393 2508 1471 (novem
2536 1388 2790 1471 strige8‚
2826 1409 2926 1450 ca·

585 1496 853 1572 tissime,
891 1509 1044 1559 sunt
1088 1496 1193 1558 hic
1238 1518 1273 1559 e
1316 1497 1618 1580 strigibus
1650 1496 2127 1572 CalevensibuS,
2164 1518 2507 1579 earumque
2553 1506 2618 1557 et
2652 1506 2837 1577 pater
2865 1504 2931 1556 et

584 1612 787 1665 mater
830 1624 961 1665 una
1002 1625 1149 1665 cum
1181 1602 1299 1683 eis)
1333 1605 1509 1665 Mab.
1553 1610 1610 1678 1,
1651 1608 1796 1665 256.
1861 1605 1987 1665 Per
2016 1603 2454 1685 pleonasmum
2487 1624 2563 1663 αθ
2595 1637 2674 1649 ·-
2707 1623 2787 1663 αθ
2817 1622 2928 1663 ae.-

585 1729 835 1791 aqouyn
877 1730 1071 1771 αοναθ
1114 1709 1214 1771 idi
1247 1730 1323 1771 αθ
1365 1708 1510 1771 hihi
1549 1708 1669 1770 oed
1692 1702 1969 1793 yn'dodi
1992 1710 2268 1793 ydanaw
2296 1709 2592 1793 ymadaw
2623 1730 2701 1770 ae
2732 1706 2933 1791 lwyth

587 1834 662 1874 ac
707 1835 783 1875 αθ
823 1813 1008 1876 niuer
1039 1817 1131 1895 (et
1173 1833 1472 1897 quaerere
1510 1836 1591 1877 ex
1621 1836 1715 1890 ea,
1753 1835 1913 1876 num
1941 1814 2080 1898 ipsa
2109 1835 2259 1876 eum
2289 1796 2538 1876 fecisset
2566 1813 2932 1896 relinquere

586 1929 717 1980 tam
747 1919 1057 2000 populum
1088 1940 1277 1982 suum
1310 1942 1500 2002 quam
1531 1920 1909 1999 exercitum)
1945 1926 2004 1996 2,
2045 1928 2146 1982 34.

754 2025 872 2086 ΑΕ
910 2060 981 2070 --
1009 2025 1126 2086 ΑΕ
1152 2027 1292 2104 (aut
1332 2063 1395 2072 -
1421 2030 1560 2105 aut)
1581 2048 1594 2087 ε
1631 2049 1672 2110 y
1698 2025 2042 2110 kaffwyfy
2066 2048 2268 2088 arueu
2291 2049 2368 2088 αθ
2390 2048 2466 2088 θα
2489 2024 2727 2109 benffic
2750 2040 2827 2087 ae
2849 2047 2933 2087 ar

583 2130 818 2215 wystyl
844 2132 1119 2210 (sumam
1150 2152 1323 2192 arma
1349 2141 1461 2192 aut
1483 2141 1779 2193 mutuata
1801 2141 1914 2193 a'ut
1936 2131 2005 2193 in
2028 2131 2292 2214 pignus)
2320 2134 2494 2194 Mab.
2528 2137 2589 2207 2,
2625 2139 2727 2192 11.
2768 2130 2928 2194 tebia-

582 2257 683 2319 yw
729 2236 990 2319 qennys
1020 2236 1291 2299 nadoeth
1333 2235 1661 2320 ywrthzmt
1697 2236 1812 2299 heb
1858 2237 1972 2300 lad
2012 2259 2088 2299 αθ
2115 2236 2233 2299 rei
2271 2239 2557 2300 onadunt
2595 2259 2673 2299 αθ
2714 2237 2932 2320 kwbyl

580 2328 988 2423 (persuasum
1020 2352 1115 2404 est
1143 2341 1326 2417 mihi,
1357 2343 1527 2423 quod
1558 2363 1690 2404 non
1714 2341 1766 2404 it
1788 2344 1868 2404 ab
1891 2342 2003 2418 eis,
2035 2342 2193 2425 quin
2216 2342 2514 2406 occiderit
2535 2353 2649 2405 aut
2673 2342 2924 2426 aliquos

584 2469 666 2508 ex
703 2446 793 2509 eis
836 2457 948 2509 aut
993 2449 1240 2527 omnes)
1276 2453 1335 2523 2,
1376 2454 1478 2509 58.
1528 2449 1612 2531 dy
1645 2448 1870 2530 ellwny
1901 2469 1977 2510 αθ
2002 2470 2084 2532 yr
2113 2470 2227 2511 eur
2256 2471 2332 2510 αθ
2359 2470 2441 2532 yr
2470 2456 2709 2532 aryant
2737 2468 2816 2509 αθ
2843 2468 2925 2532 yr

578 2552 1212 2636 yolutpressennawl
1234 2601 1247 2615 .
1277 2602 1289 2615 .
1318 2553 1634 2634 (liberatio
1659 2564 1772 2616 tua
1793 2564 1906 2616 aut
1927 2575 2040 2638 per
2062 2576 2289 2617 aurum
2313 2563 2425 2616 aut
2447 2574 2559 2638 per
2581 2564 2925 2637 argentum

581 2669 695 2721 aut
722 2681 835 2741 per
863 2660 1104 2723 donum
1135 2659 1483 2742 pretiosum
1514 2670 1676 2735 etc.;
1713 2660 1794 2722 cf.
1830 2682 1896 2742 p.
1935 2664 2087 2742 634)
2123 2666 2182 2738 2,
2224 2667 2369 2723 234.

754 2766 1099 2827 Cornica
1158 2776 1224 2827 et
1266 2766 1662 2828 armorica
1718 2766 2082 2849 conjunctio
2124 2765 2482 2851 copulativa
2524 2766 2749 2827 eodem
2794 2764 2925 2844 fere

580 2870 770 2932 modo
812 2879 1119 2931 tractatur
1159 2880 1235 2932 ut
1278 2870 1614 2946 cambrica,
1649 2883 1914 2956 excepto
1958 2873 2128 2956 quod
2153 2871 2397 2936 'tenues
2441 2881 2780 2955 sequentes
2825 2869 2924 2933 in-

582 2985 786 3037 tactae
814 2985 1100 3036 manent.
2553 3041 2554 3044 Ἴ

753 3081 946 3142 Corn.
981 3079 1201 3154 HAG,
1231 3080 1394 3142 HA:
1434 3080 1644 3143 thotho
1665 3105 1708 3166 y
1736 3082 2098 3166 tysquethas
2122 3105 2252 3147 οων
2273 3082 2399 3167 hay
2423 3080 2707 3166 aryhans
2725 3081 2923 3164 ywek

580 3185 668 3247 Ιια
707 3183 901 3267 queth
945 3183 1031 3248 ha
1072 3184 1361 3271 kymmys
1400 3209 1488 3271 yn
1534 3187 1646 3270 bys
1685 3209 1760 3249 us
1803 3210 1913 3250 υαε
1945 3188 2034 3269 (ei
2060 3188 2440 3252 monstravit
2467 3210 2698 3252 aurum
2727 3199 2793 3251 et
2822 3211 2921 3251 ar-

578 3300 867 3373 gentum,
902 3312 1165 3373 gramen
1207 3303 1271 3355 et
1313 3292 1563 3354 arbores
1610 3303 1674 3354 et
1720 3294 1889 3376 quod
1930 3292 1999 3355 in
2029 3296 2271 3357 mundo
2301 3304 2398 3356 est
2426 3295 2697 3376 bonum)
2732 3296 2915 3357 Pasti.

587 3403 687 3472 16,
722 3401 781 3457 2.
815 3402 874 3457 3.
910 3398 1103 3460 sevell
1126 3398 1212 3460 Ιια
1241 3398 1416 3461 nothe
1446 3401 1641 3479 (stare
1673 3409 1738 3461 et
1766 3399 2013 3479 cadere)
2048 3405 2151 3475 22,
2186 3406 2245 3462 3.
2283 3411 2568 3484 myns'us
2600 3401 2920 3484 cuntullys

579 3510 679 3565 ret
695 3501 988 3586 flamyas
1033 3503 1119 3565 ka
1160 3513 1217 3572 te
1255 3524 1371 3587 qer
1413 3503 1561 3586 vyth
1605 3526 1692 3586 ny
1726 3526 1969 3588 qewsys
2012 3506 2210 3586 (quod
2254 3505 2653 3588 disputatum
2696 3517 2815 3582 est,
2854 3516 2917 3568 te

579 3606 876 3682 convicit,
913 3608 1024 3669 sed
1064 3619 1137 3670 tu
1180 3610 1444 3671 verbum
1487 3630 1620 3670 non
1655 3609 1903 3692 dixisti)
1939 3615 2041 3687 92,
2081 3617 2142 3673 2.
2183 3618 2242 3673 3.
2309 3611 2574 3694 Propria
2603 3611 2919 3694 particula

577 3712 971 3775 adversativa
1015 3714 1264 3777 cornica
1303 3714 1710 3797 legiturmes
1757 3716 1923 3797 (sed)
1956 3719 2136 3780 Pass.
2176 3724 2278 3793 54,
2320 3724 2379 3779 3.
2418 3721 2521 3793 82,
2561 3723 2622 3779 3.
2662 3723 2808 3792 201,
2845 3723 2910 3793 4,

576 3818 678 3880 vel
707 3840 845 3880 mas
877 3818 986 3899 (cf.
1021 3820 1175 3902 gall.
1211 3820 1360 3883 hod.
1397 3819 1559 3882 mais
1575 3822 1638 3902 ,9)
1673 3827 1777 3896 47,
1817 3826 1876 3882 2.
1916 3829 2019 3898 51,
2062 3831 2118 3884 1.

751 3926 918 3987 Cum
954 3925 1330 4007 pronomine
1371 3925 1723 4008 possessivo
1770 3937 1835 3989 et
1874 3927 2139 3991 articulo
2183 3929 2571 3992 coalescens:
2627 3927 2728 3991 the
2756 3947 2913 3990 wor-

580 4028 760 4113 tkaff
789 4051 861 4092 ve
900 4029 1051 4092 ham
1099 4032 1238 4114 lays
1270 4034 1376 4111 (de
1419 4054 1524 4096 me
1569 4043 1634 4095 et
1667 4032 1807 4115 lege
1837 4055 2000 4110 mea,
2039 4034 2312 4116 quaeris)
2346 4037 2527 4097 Pass.
2570 4040 2672 4110 80,
2716 4041 2771 4095 1.
2820 4054 2915 4096 ow

578 4136 718 4220 lays
765 4135 910 4198 haw
953 4136 1225 4197 lavarow
1266 4138 1407 4200 cuel
1444 4161 1484 4200 α
1515 4160 1719 4221 vymzo
1749 4161 1791 4222 y
1818 4139 2056 4222 ylewas
2090 4140 2320 4224 (legem
2350 4162 2557 4203 meam
2586 4150 2653 4202 et
2681 4161 2914 4202 sermo·

575 4262 688 4304 nes
733 4263 909 4304 meos
953 4240 1065 4324 qui
1108 4242 1379 4305 voluerit
1426 4243 1672 4325 audire)
1711 4250 1810 4320 79,
1852 4251 1910 4306 2.
1954 4268 1997 4329 y
2041 4247 2182 4309 ooth
2223 4246 2364 4331 thys
2390 4246 2656 4330 qorthye
2687 4244 2796 4329 thy
2828 4244 2915 4306 du

577 4347 704 4432 hay
737 4347 962 4410 hanow
995 4351 1269 4430 (oportet
1301 4358 1363 4410 te
1393 4350 1677 4424 venerari
1709 4353 1900 4413 deum
1933 4360 2120 4413 tuum
2150 4364 2215 4416 et
2245 4353 2383 4435 ejus
2413 4354 2677 4432 nomen)
2717 4357 2817 4426 17,
2852 4356 2910 4440 1.

746 4457 995 4518 Armor.
1033 4454 1243 4529 HAC,
1282 4455 1445 4517 HA:
1499 4457 1586 4518 αά
1632 4467 1839 4520 monet
1872 4505 1886 4519 .
1928 4505 1941 4517 .
1982 4457 2134 4540 cuff
2161 4459 2283 4521 kae
2325 4458 2471 4521 υῘιθῖ
2494 4456 2668 4540 equit
2694 4456 2916 4539 quelen
