3150 5242
717 438 838 502 IV.
878 444 937 501 2.
996 458 1559 504 PRAEPosri-ioNEs
1592 456 2067 503 erANNICAE.
2439 438 2562 499 649

202 606 639 691 significatio:
694 608 973 673 atkruan
1003 632 1091 673 uu
1124 632 1256 694 qun
1302 609 1498 674 owein
1540 609 1759 695 hynny
1792 612 1884 692 (et
1926 629 2188 691 aegrum
2230 609 2355 672 fuit
2392 609 2565 691 apud

202 715 565 789 Owenum,
596 715 863 792 Oweno,
900 715 1046 798 hoc)
1078 724 1135 792 1,
1169 723 1272 779 37.
1308 715 1568 800 hoffach
1599 738 1679 778 vu
1703 738 1836 799 qan
1867 715 2063 779 owein
2091 739 2133 801 3]
2165 715 2459 778 bertham
2486 736 2566 776 no

203 819 390 883 chan
426 842 643 906 qynon
685 821 1133 905 (praestantior
1173 822 1297 886 fuit
1339 823 1512 905 apud
1558 823 1640 885 O.
1689 843 1918 899 coena,
1967 844 2114 885 cum
2155 823 2405 886 adesset
2449 821 2559 896 0.,

204 948 419 1009 quam
461 927 636 1009 apud
668 928 802 1008 O.),
837 927 1098 1012 hqffaeh
1141 951 1228 991 uu
1264 950 1396 1012 qam
1440 928 1637 991 owein
1681 928 1880 991 meint
1920 952 1962 1014 3]
2002 951 2143 1013 qwr
2173 931 2261 992 du
2290 950 2370 991 no
2400 926 2581 989 chan·

199 1054 437 1117 qynon
470 1032 699 1115 (major
726 1032 851 1095 fuit
880 1035 1049 1116 apud
1081 1034 1191 1109 0.,
1227 1034 1364 1097 visa
1388 1044 1491 1097 est
1519 1035 1785 1112 Oweno,
1815 1034 2192 1127 magnitudo
2222 1033 2337 1098 viri
2370 1030 2560 1115 nigri,

207 1160 418 1221 quam
451 1138 733 1221 Cynoni)
770 1146 828 1214 1,
870 1146 896 1199 1
913 1146 970 1201 3.

271 1244 283 1249 ’
394 1244 804 1308 Constructio
843 1268 992 1308 cum
1031 1268 1247 1330 praep.
1299 1271 1341 1333 y
1384 1246 1509 1330 (di)
1552 1246 1747 1331 hujus
1791 1247 2277 1332 praepositionis
2318 1249 2561 1322 eadem,

208 1364 291 1416 ut
338 1351 810 1434 praecedentis:
859 1375 903 1436 3]
946 1353 1076 1417 kan
1122 1377 1155 1415 e
1187 1354 1448 1439 brenyn,
1483 1377 1526 1438 3]
1556 1376 1679 1417 can
1708 1376 1742 1416 e
1772 1354 2075 1440 brenynes
2106 1358 2173 1436 (a
2201 1376 2369 1438 rege,
2406 1377 2444 1417 a
2471 1375 2566 1415 re·
2642 1362 2649 1371 ’

208 1458 404 1542 gina)
440 1460 596 1540 Leg.
641 1464 696 1519 1.
740 1466 796 1519 1.
834 1465 897 1521 4.
944 1458 1056 1522 ath
1101 1459 1379 1523 annerck
1417 1483 1459 1545 y
1503 1482 1635 1543 yan
1673 1458 1895 1523 ereint.
1932 1460 2138 1523 achan
2169 1464 2253 1547 dy
2286 1459 2566 1524 annereh

210 1566 302 1649 ef
334 1563 874 1649 amkymhellawd
914 1564 942 1627 i
978 1566 1095 1650 kyt
1131 1562 1303 1650 yma.
1350 1589 1392 1650 3]
1437 1566 1772 1633 wneuthur
1813 1567 1898 1652 dy
1942 1566 2199 1651 ewyllys
2244 1564 2316 1627 di
2356 1584 2565 1646 amyo-

211 1672 431 1756 dyant
464 1672 549 1755 dy
579 1692 834 1756 vorwyn
861 1696 904 1757 3]
930 1694 1062 1756 yan
1090 1695 1132 1757 3]
1163 1693 1308 1734 corr
1338 1671 1668 1752 (salutatio
1699 1681 1812 1735 tua
1841 1694 1880 1734 a
1910 1673 2091 1749 Ger„
2128 1682 2193 1735 et
2221 1692 2368 1734 cum
2399 1669 2566 1732 salu-

212 1777 467 1840 tatione
513 1787 625 1840 tua
665 1776 800 1861 ipse
838 1799 941 1840 me
972 1779 1177 1860 coegit
1207 1779 1335 1841 huo
1364 1779 1446 1840 ad
1475 1777 1830 1841 faciendam
1861 1777 2358 1841 satisfactionem
2389 1788 2567 1838 tuam

213 1885 303 1945 ob
335 1882 683 1960 laesionem
710 1883 959 1964 puellae
992 1894 1140 1946 tuae
1169 1907 1207 1946 a
1236 1887 1574 1967 pygmaeo)
1610 1885 1786 1946 Mab.
1826 1888 1884 1960 2,
1927 1889 2029 1946 24.

397 1989 564 2051 Cum
618 1988 1099 2071 pronominibus
1145 1989 1395 2053 suffixis
1440 1989 1771 2052 formulae.
1840 1989 2022 2072 Sing.
2078 1996 2135 2051 1.
2183 2010 2389 2073 pers.:
2436 1987 2566 2071 hyn

214 2094 587 2178 adywedaf
615 2093 741 2179 ytti
776 2102 878 2157 vot
917 2094 1166 2179 yntebic
1197 2096 1459 2181 qemzyf
1475 2096 1623 2177 (hoc
1655 2095 1795 2158 dico
1841 2095 1978 2172 tibi,
2014 2117 2150 2158 esse
2190 2112 2564 2178 persuasum

217 2200 397 2283 apud
428 2221 552 2275 me,
588 2199 797 2282 mihi),
830 2202 1124 2285 dywedut
1153 2222 1459 2285 aoruyum
1490 2201 1683 2264 inne-u
1715 2202 1815 2264 bot
1840 2198 2016 2286 ynda
2041 2200 2306 2285 qennyfi
2334 2198 2567 2281 (dicere

217 2304 438 2389 coepi,
487 2327 622 2368 esse
665 2306 909 2368 bonum
949 2307 1120 2388 apud
1164 2328 1287 2382 me,
1332 2305 1531 2369 videri
1574 2309 1816 2370 bonum
1861 2306 2048 2389 mihi)
2083 2307 2258 2369 Mab.
2303 2313 2359 2366 1.
2398 2312 2460 2365 4.
2499 2310 2558 2364 5.

221 2410 380 2474 abir
409 2433 497 2474 uu
523 2411 744 2496 yenyfi
769 2434 810 2496 3]
848 2433 959 2474 nos
991 2412 1196 2476 bonno
1228 2413 1320 2493 (et
1348 2413 1541 2495 longa
1568 2412 1694 2475 fuit
1723 2413 1893 2494 apud
1924 2433 2027 2473 me
2056 2433 2186 2472 nox
2216 2410 2394 2484 haee,
2431 2406 2566 2469 visa

128 2566 131 2571 .
224 2527 328 2581 est
356 2516 547 2598 mihi)
581 2523 636 2593 1,
668 2524 730 2579 6.
767 2519 1001 2602 aqolles
1030 2541 1072 2603 3]
1097 2518 1358 2602 9911ηαῖ
1374 2516 1572 2581 meint
1600 2517 1718 2581 teir
1749 2519 1986 2602 blyned
2006 2516 2145 2599 (qui
2173 2517 2351 2578 abest
2374 2536 2411 2576 a
2435 2533 2559 2587 me,

226 2624 539 2700 OwenuS,
573 2634 697 2687 tres
721 2627 951 2706 annos)
984 2632 1039 2701 1,
1073 2630 1175 2686 21.
1229 2630 1290 2686 2.
1318 2644 1483 2706 pers.
1509 2646 1522 2686 z
1561 2624 1879 2688 ckwedleu
1903 2647 1936 2686 o
1963 2625 2058 2708 lys
2084 2621 2313 2686 arthur
2329 2629 2569 2704 qennyt

225 2728 652 2810 (narrationes
684 2752 718 2792 e
749 2729 925 2792 curia
953 2732 1034 2792 A.
1072 2741 1306 2805 tecum,
1344 2730 1575 2812 adfers)
1615 2737 1671 2807 1,
1712 2735 1814 2793 20.
1869 2752 1935 2793 οε
1969 2733 2053 2794 da
2077 2727 2318 2812 yenkyt
2346 2725 2428 2806 (si
2456 2726 2563 2787 bo-

218 2857 385 2898 num
415 2835 555 2911 tibi,
592 2834 881 2917 videtur)
906 2841 966 2912 2,
1007 2841 1151 2897 383.
1192 2835 1389 2918 ywell
1408 2857 1510 2920 yw
1534 2836 1829 2923 qennytti
1856 2835 2110 2917 (melius
2141 2833 2391 2897 videtur
2421 2830 2564 2911 tibi)

228 2949 286 3017 1,
329 2945 391 3004 6.
446 2948 507 3003 3.
543 2962 708 3024 perS.
743 2964 977 3005 maso.:
1026 2965 1102 3005 ac
1143 2940 1426 3025 ymdeitk
1468 2942 1707 3026 ydaeth
1738 2964 1815 3005 ar
1845 2941 2160 3006 deuvarck
2184 2949 2442 3025 yantaw
2475 2940 2567 3019 (et

219 3048 531 3130 prooessit
561 3058 625 3110 et
654 3048 781 3110 duo
813 3046 961 3129 equi
990 3070 1138 3110 oum
1167 3051 1268 3131 eo)
1300 3054 1356 3123 1,
1392 3054 1492 3109 10.
1527 3048 1847 3133 nychollet
1872 3070 1985 3111 oen
2010 3047 2248 3133 eiryoet
2261 3045 2564 3130 qantkaw

223 3157 386 3235 (non
429 3135 717 3237 perditus
760 3163 858 3215 est
896 3175 1101 3235 agnus
1146 3175 1434 3236 unquam
1477 3155 1651 3237 apud
1696 3175 1844 3216 eum
1864 3202 1882 3228 ‚
1933 3159 2277 3236 pastorem)
2313 3156 2372 3227 2,
2413 3155 2557 3211 215.

224 3261 563 3346 aekymryt
590 3269 798 3344 ywaet
823 3282 866 3344 3]
897 3258 1107 3323 widon
1137 3282 1212 3322 ae
1234 3261 1424 3344 qadw
1449 3259 1755 3344 qantkaw
1787 3260 1879 3339 (et
1909 3280 2156 3322 sumere
2186 3256 2565 3339 sanguinem

102 3397 113 3403 -
223 3364 440 3449 strigis
485 3377 550 3429 et
592 3387 840 3428 servare
884 3387 1032 3427 eum
1072 3368 1315 3446 secum)
1352 3370 1412 3443 2,
1454 3372 1602 3427 247.
1669 3366 1888 3427 Fem.:
1941 3363 2143 3446 apkob
2189 3387 2274 3427 zm
2313 3384 2400 3448 yn
2434 3360 2565 3423 dri-

218 3493 406 3555 yyaw
453 3492 532 3533 ar
572 3471 688 3557 kyt
725 3494 768 3555 3]
814 3471 1103 3554 keleuyn.
1141 3493 1219 3532 ac
1258 3492 1388 3555 3]η3]
1432 3480 1667 3555 estwnq
1708 3470 1889 3554 yenti
1930 3473 2022 3549 (et
2067 3469 2346 3553 quaeviS,
2392 3489 2558 3541 mus,

223 3578 575 3640 ascendens
633 3579 987 3640 secundum
1045 3577 1396 3653 calamum,
1443 3578 1644 3639 donec
1700 3576 2138 3640 deflecteretur
2179 3598 2324 3639 cum
2364 3577 2463 3654 ea)
2501 3579 2559 3649 3,

232 3690 374 3745 155.
415 3705 650 3765 pamm
691 3705 870 3746 uarw
913 3706 955 3768 3]
988 3705 1128 3766 ywr
1172 3684 1255 3767 (1ζῖ
1284 3705 1326 3746 a
1367 3682 1596 3746 edewis
1633 3683 2026 3768 qentki'dwy
2058 3681 2359 3746 iarllaetk
2392 3683 2567 3762 (cum

224 3798 517 3851 mortuus
564 3800 730 3852 esset
767 3789 1034 3852 maritus
1081 3788 1241 3872 ejuS‚
1275 3787 1533 3872 reliquit
1575 3791 1750 3871 apud
1791 3812 1952 3868 eam,
1989 3790 2068 3867 ei,
2105 3792 2263 3853 duos
2307 3787 2565 3850 comita-

223 3899 356 3977 tus)
397 3904 471 3971 1,-
496 3901 600 3957 28.
649 3895 743 3959 mi
782 3896 1033 3980 arodaf
1063 3894 1142 3959 itt
1177 3895 1290 3958 heb
1335 3918 1377 3980 3]
1424 3894 1690 3958 brenkin
1730 3917 1874 3980 vym
1912 3897 2124 3960 merck
2151 3919 2239 3981 yn
2272 3894 2499 3957 ὀνίαισι
2527 3916 2568 3955 α

224 4001 471 4065 kanner
513 4023 593 4085 vy
639 4001 1093 4087 brmhinyaetk
1131 4001 1358 4086 qenthi
1385 4004 1530 4085 (ego
1577 4003 1741 4064 dabo
1779 4001 1917 4078 tibi,
1955 4001 2167 4084 inquit
2196 4024 2330 4078 rex,
2365 4000 2568 4063 filiam

128 4113 131 4116 ’
223 4129 430 4171 meam
476 4128 743 4170 uxorem
786 4117 851 4170 et
894 4107 1231 4170 dimidium
1273 4106 1454 4190 regni
1492 4107 1620 4170 mei
1650 4129 1800 4170 cum
1828 4110 1929 4189 ea)
1968 4116 1993 4169 1
2004 4139 2024 4185 ·,
2065 4115 2212 4171 291.
2278 4108 2459 4170 Plur.
2503 4114 2559 4169 1.

222 4235 388 4297 pers,
414 4236 429 4276 τ
482 4221 602 4297 nyt
628 4214 740 4276 dec
777 4236 854 4276 ao
882 4221 998 4297 nyt
1027 4213 1536 4299 diqrzfqenhym
1568 4215 1729 4295 (non
1758 4214 2001 4277 bellum
2032 4227 2097 4278 et
2126 4217 2424 4278 decorum
2455 4235 2566 4274 no-

220 4318 344 4400 bis)
381 4324 443 4394 2,
486 4322 635 4380 247.
684 4319 900 4382 adrwc
926 4341 1028 4404 3]ω
1053 4341 1328 4405 yennym
1358 4320 1431 4384 m'
1458 4323 1550 4401 (et
1580 4342 1840 4403 aegrum
1869 4320 2053 4384 nobis
2084 4326 2207 4402 est)
2246 4326 2303 4395 1,
2342 4324 2445 4379 37.
2482 4318 2566 4401 dy

212 4423 419 4508 qyrch
472 4422 549 4486 di
591 4446 864 4509 yemzym
918 4424 994 4489 m‘
1032 4425 1207 4507 (veni
1248 4425 1607 4509 nobiscum)
1643 4433 1704 4503 2,
1744 4432 1890 4489 213.
1947 4450 1989 4511 3]
2033 4425 2239 4488 kollas
2285 4420 2480 4485 owein
2523 4444 2565 4504 3]

212 4551 491 4615 yemzym
526 4529 713 4611 (abiit
744 4531 825 4593 O.
856 4554 893 4593 a
922 4531 1134 4613 nobis)
1168 4540 1222 4607 1,
1256 4537 1357 4593 21.
1407 4537 1464 4594 2.
1495 4554 1661 4615 pers.
1690 4555 1702 4594 :
1742 4532 1926 4595 nauit
1952 4531 2243 4614 amyeled
2263 4525 2567 4610 yennwch
