3150 5242
907 429 1028 490 IV.
1071 436 1127 490 1.
1191 448 1529 492 ADVERmA
1561 449 1992 492 BRITANNICA.
2496 432 2611 492 571

450 597 684 659 Armo
700 597 818 659 ric
836 619 875 658 a
928 596 1237 680 adjectiva
1278 597 1720 688 adverbialiter
1748 606 2112 660 constructa
2139 597 2461 681 negligere
2481 598 2618 681 jam

270 701 700 784 particulam,
751 712 931 785 patet
985 725 1020 764 e
1070 702 1358 764 formulis
1410 703 1773 785 frequenter
1823 703 2023 765 obviis
2076 703 2147 766 in
2191 704 2405 765 Buh.:
2472 706 2622 766 duet

271 816 414 869 mat
459 809 650 888 (bene
694 829 1054 890 aggressus,
1103 807 1217 889 qui
1256 809 1418 870 bene
1459 809 1738 885 advenit,
1776 819 2114 894 acceptus&
2133 808 2453 871 salutandi
2495 809 2616 871 for-

270 913 507 993 mula),
564 915 780 976 credet
813 902 991 995 ⁸illan,
1028 914 1242 976 credet
1267 914 1449 994 plen,
1487 917 1696 978 credet
1732 936 1844 977 sur
1875 916 2135 996 (credite
2175 926 2365 989 certe,
2399 914 2612 995 plene,

272 1022 553 1098 secure).
616 1017 981 1098 Vestigium
1011 1018 1296 1100 ejusdem
1326 1020 1534 1081 adhuc
1566 1019 1883 1083 inveneris
1916 1020 1985 1082 in
2016 1020 2224 1082 Buh.:
2267 1028 2324 1082 te
2347 1040 2511 1103 year
2541 1042 2619 1082 en

272 1114 413 1184 ma't
454 1122 606 1202 (scis
651 1118 841 1205 bene)
876 1129 991 1199 48,
1032 1129 1133 1185 20.
1185 1125 1336 1187 duet
1374 1147 1441 1186 eo
1486 1148 1562 1188 en
1606 1134 1741 1189 mat
1784 1127 1985 1206 (bene
2028 1125 2363 1208 processit,
2414 1128 2616 1208 puer)

282 1235 307 1287 1
323 1233 430 1302 08,
473 1233 578 1289 25.
1208 1306 1215 1309 ,
1486 1228 1493 1233 ’

455 1339 515 1395 2.
592 1333 1311 1399 substantivorum
1376 1335 1668 1398 formae
1735 1347 1814 1399 et
1877 1336 2272 1398 formulae
2337 1337 2616 1397 adver-

274 1438 564 1501 biales,
652 1439 1079 1503 Cambrica
1144 1441 1541 1503 substantiva
1604 1441 1928 1505 interdum
1989 1441 2409 1523 praemittunt
2460 1439 2613 1502 item

275 1545 661 1628 particulam
701 1545 791 1620 in,
828 1545 1294 1627 significantem
1335 1546 1449 1608 lat.
1484 1554 1575 1620 ut,
1612 1569 1708 1628 gr.
1745 1541 1855 1623 ὥς,
1889 1568 1944 1608 e.
1979 1568 2076 1628 gr.
2102 1545 2240 1627 jam
2281 1545 2349 1607 in
2384 1545 2614 1626 glossis

277 1651 533 1713 Oxon.:
584 1649 697 1712 kin
743 1672 889 1732 map
935 1651 1008 1713 di
1043 1651 1142 1712 iob
1175 1653 1276 1732 (ut
1305 1651 1348 1711 J
1350 1651 1483 1712 ovis
1515 1651 1739 1732 filius),
1778 1674 1938 1733 quae
1967 1650 2213 1734 phrasis
2238 1648 2470 1732 poterit
2498 1649 2611 1711 ha·

275 1755 412 1818 beri
450 1755 731 1817 adverbii
761 1756 896 1818 loco
928 1766 1118 1839 atque
1149 1757 1392 1819 obtinet
1422 1756 1615 1818 etiam
1643 1768 1791 1839 post
1818 1759 2080 1819 verbum
2111 1755 2606 1830 substantivum,

273 1884 331 1923 e.
366 1883 465 1944 gr.
491 1884 506 1923 ε
544 1863 626 1945 ef
644 1862 825 1924 adele
856 1863 980 1924 bod
1004 1885 1079 1924 en
1110 1862 1231 1923 aab
1260 1884 1341 1946 yr
1371 1862 1609 1945 brenyn
1641 1862 1803 1945 (ipse
1834 1864 2020 1924 debet
2049 1884 2184 1925 esse
2214 1861 2385 1924 filius
2416 1860 2612 1942 regis)

273 1969 433 2049 Leg.
476 1974 533 2029 1.
575 1975 633 2028 7.
677 1974 734 2028 1.
775 1989 957 2051 qur
989 1967 1269 2050 llychlyn
1299 1989 1398 2050 yw
1429 1989 1470 2050 y
1524 1968 1625 2030 rei
1670 1968 1909 2052 hyrmy.
1947 1990 1988 2030 a
2017 1968 2237 2030 marck
2269 1969 2392 2030 aab
2423 1966 2609 2029 meir-

272 2072 498 2134 chawn
552 2094 641 2154 yn
698 2081 1064 2155 tywyssawc
1124 2074 1450 2135 arnadunt
1491 2072 1638 2153 (viri
1684 2072 2143 2136 Scandinaviae
2197 2083 2349 2134 sunt
2390 2071 2496 2147 hi,
2547 2081 2612 2133 et

273 2178 533 2238 Marcus
573 2177 746 2238 filius
779 2176 1091 2240 Marciani
1132 2178 1265 2237 dux
1307 2176 1422 2258 eis)
1457 2180 1633 2241 Mab.
1674 2184 1734 2255 2,
1776 2187 1920 2242 380.
1989 2182 2170 2246 Quae
2216 2179 2435 2240 eadem
2467 2200 2608 2259 par-

271 2281 506 2344 ticulae
539 2282 918 2345 consociatio
950 2304 1097 2344 cum
1126 2282 1480 2344 verbalibus
1513 2284 1927 2347 substantivis
1969 2284 2071 2363 vel
2099 2282 2433 2345 infinitivis
2464 2303 2606 2364 pas-

270 2386 394 2449 sim
436 2387 709 2449 occurrit
751 2390 831 2450 ad
877 2387 1368 2469 significandum
1412 2388 1820 2472 participium
1861 2389 2213 2472 praesentis
2259 2386 2449 2450 activi
2492 2385 2600 2468 (cf.

266 2514 334 2574 p.
374 2495 551 2573 522).

442 2597 865 2681 Frequentius
911 2606 1125 2660 tamen
1166 2597 1562 2662 substantiva
1605 2599 1938 2675 cambrica,
1974 2599 2042 2662 in
2074 2596 2604 2681 significationem

268 2703 731 2779 adverbiorum,
768 2703 891 2766 loci
934 2714 998 2765 et
1029 2705 1330 2788 temporis
1362 2705 1755 2789 praesertim,
1793 2705 2211 2779 transeuntia,
2249 2726 2396 2766 cum
2424 2724 2601 2785 prae-

266 2808 690 2891 positionibus
736 2819 1098 2871 constructa
1139 2810 1581 2886 inveniuntur,
1617 2821 1941 2893 praeterea
1971 2810 2109 2873 sine
2137 2808 2601 2893 praepositione

267 2936 415 2977 cum
445 2915 711 2976 articulo
741 2914 843 2975 vel
872 2913 1065 2977 etiam
1094 2915 1354 2977 omnino
1385 2918 1581 2978 nuda.

435 3020 772 3082 Formulae
802 3042 961 3081 cum·
977 3019 1585 3101 praepositionibus:
1626 3021 1919 3098 diminid,
1953 3019 2286 3094 dirmim‘d,
2316 3017 2593 3094 diuinid,

264 3126 481 3189 ininid
507 3127 839 3206 (sursum),
869 3124 1208 3207 diquairet,
1240 3127 1601 3209 dirquairet
1622 3130 1945 3207 (deorsum
1960 3152 1979 3202 3
2016 3127 2061 3189 i.
2091 3148 2148 3188 e.
2177 3127 2258 3188 ad
2284 3136 2592 3201 montem,

266 3234 345 3294 ad
383 3232 611 3306 solum,
649 3230 722 3293 di
746 3262 833 3282 =
860 3254 925 3314 y,
962 3231 1209 3294 hibern.
1247 3233 1352 3313 do)
1387 3232 1530 3294 Lib.
1568 3234 1773 3294 Land.
1810 3232 1898 3313 sq.
1944 3255 1985 3315 y
2018 3233 2257 3316 uynyd,
2293 3253 2335 3314 y
2366 3238 2600 3293 waeret

266 3338 443 3399 Mab.
483 3343 556 3412 2,
596 3342 742 3397 211.
782 3342 927 3397 246.
969 3343 1044 3397 37
1056 3342 1115 3398 6.
1193 3338 1435 3399 Eodem
1479 3338 1668 3400 modo
1707 3336 2100 3418 frequentius
2145 3346 2486 3397 occurrunt
2526 3336 2596 3397 in

266 3444 439 3505 Mab.
467 3465 481 3504 τ
530 3464 702 3527 yma,
737 3463 931 3524 yman
965 3441 1119 3522 (huc
1165 3452 1229 3504 et
1259 3442 1401 3517 hic;
1437 3474 1525 3494 =
1555 3444 1634 3504 do
1664 3463 1833 3525 may,
1870 3464 2116 3525 mayen,
2153 3441 2222 3502 in
2253 3442 2486 3515 locum,
2524 3440 2594 3502 in

263 3548 434 3609 hunc
465 3548 698 3623 locum,
736 3556 799 3608 et
844 3546 911 3609 in
942 3568 1110 3629 may,
1148 3547 1217 3618 in
1247 3548 1435 3628 loco),
1470 3571 1511 3631 y
1542 3569 1713 3610 maes
1747 3547 1935 3628 (foras
1955 3571 1973 3621 3
2011 3568 2045 3608 e
2074 3568 2309 3629 mayeS,
2345 3546 2391 3607 i.
2427 3567 2484 3607 e.
2521 3545 2592 3607 in

264 3673 576 3734 campum,
614 3652 694 3713 cf.
730 3674 795 3735 p.
835 3656 939 3733 5),
975 3674 1226 3736 ymywn
1274 3653 1371 3734 (in
1412 3652 1696 3715 medium
1746 3663 1810 3715 et
1848 3652 1918 3714 in
1956 3652 2187 3727 medio,
2238 3652 2428 3727 intra,
2465 3652 2586 3733 in).

262 3754 329 3818 in
372 3764 580 3831 trans,
632 3778 712 3818 ar
750 3765 929 3819 trans
977 3760 1223 3840 (porro,
1273 3757 1318 3820 i.
1355 3781 1411 3821 e.
1447 3759 1518 3821 in
1562 3758 1934 3838 directione)
1968 3759 2044 3819 L.
2082 3759 2287 3840 Land.
2326 3758 2415 3839 fq.
2462 3780 2593 3841 yny

260 3862 439 3923 vlaen
490 3884 566 3924 ac
615 3886 746 3947 yny
798 3865 864 3926 ol
905 3866 1081 3945 (ante
1134 3874 1198 3926 et
1248 3875 1392 3945 post
1409 3888 1427 3939 ;
1485 3864 1529 3925 i.
1567 3886 1625 3925 e.
1673 3863 1744 3926 in
1796 3863 1930 3945 ejus
1982 3863 2188 3925 fronte
2234 3872 2300 3924 et
2342 3862 2413 3925 in
2453 3862 2590 3945 ejus

263 3969 460 4048 tergo)
504 3969 680 4030 Mab.
729 3974 801 4044 2,
841 3975 986 4030 378.
1052 3991 1139 4052 yn
1193 3990 1416 4051 amyen
1471 3969 1724 4046 (aliter,
1783 3969 1906 4031 alio
1959 3970 2182 4043 mod03
2248 3969 2591 4050 opponitur

257 4079 371 4154 nyt
412 4092 657 4154 amyen,
695 4095 827 4135 non
872 4073 1090 4148 aliter,
1128 4073 1172 4135 i.
1211 4096 1266 4136 e.
1318 4074 1578 4150 scilicet,
1614 4075 1735 4157 sq.)
1770 4076 1946 4137 Mab.
1988 4080 2046 4149 3,
2089 4081 2234 4136 300.
2283 4097 2582 4158 ysywers,

253 4177 526 4260 ystalym
559 4180 855 4258 (dudum,
883 4178 1019 4260 jam
1060 4180 1337 4253 dudum3
1388 4179 1431 4241 i.
1469 4203 1524 4241 e.
1562 4180 1710 4243 inde
1742 4203 1779 4243 a
1809 4180 2012 4262 spatio
2047 4180 2371 4261 temporis)
2406 4182 2582 4243 Mab.

260 4287 317 4356 2,
350 4287 495 4343 229.
529 4289 588 4358 3,
624 4289 725 4343 14.
761 4282 875 4366 kyt
902 4305 1037 4357 nos,
1072 4283 1187 4367 hyt
1218 4285 1352 4367 clyd
1379 4288 1624 4364 (noctu,
1661 4287 1789 4367 die)
1823 4287 1999 4347 Mab.
2032 4291 2092 4360 2,
2126 4293 2184 4347 6.
2238 4284 2583 4347 Peculiaris

252 4399 345 4448 est
386 4387 660 4449 formula
703 4389 905 4450 subst.
956 4397 1054 4451 oet
1099 4391 1325 4471 (aetas)
1369 4412 1517 4452 cum
1569 4391 1943 4473 pronomine
1989 4388 2341 4471 possessivo
2383 4387 2583 4449 infixo

248 4502 387 4574 post
431 4492 811 4575 particulam
854 4491 948 4554 eir
980 4498 1092 4574 (=
1119 4516 1335 4577 praep.
1372 4517 1453 4557 ar
1469 4498 1562 4577 ,ῆς
1618 4499 1760 4559 duw
1799 4517 1978 4578 awyr
2022 4516 2109 4557 na
2153 4490 2359 4555 weleis
2406 4490 2435 4551 i
2461 4490 2582 4551 eir.
