3150 5242
599 365 718 429 VI.
758 373 813 430 1.
877 385 1322 430 oons'nmc‘rlo
1353 385 1643 430 Nomius
1675 385 2094 428 BRITANNICI.
2391 360 2516 423 907

228 539 354 603 licet
383 563 521 603 cum
550 539 980 619 substantivis,
1016 552 1090 604 ut
1120 541 1412 624 exempla
1430 540 1570 624 jam
1600 562 1792 625 supra
1822 537 2068 621 prolata
2098 538 2189 618 (p.
2231 538 2393 614 862)
2413 534 2518 595 de-

225 656 564 709 monstrant.
641 649 864 732 Itaque
916 647 1287 731 compositio
1340 657 1437 709 est
1479 648 1851 722 statuenda,
1902 642 2189 726 quamvis
2232 651 2520 724 separata

224 751 550 815 inveniatur
593 754 868 836 scriptiO,
920 776 976 817 e.
1013 776 1109 837 gr.
1148 753 1218 817 in
1262 752 1489 836 glossis
1532 753 1786 815 Oxon.:
1835 774 1876 815 a
1920 750 2087 813 mein
2111 747 2359 832 funiou
2398 745 2513 827 (gl.

224 856 389 920 vittae
419 870 635 923 tenues
654 885 672 936 3
722 861 847 944 adj.
885 860 1035 924 hod.
1072 859 1270 935 main,
1304 860 1473 943 plur.
1510 857 1837 939 meim'on),
1874 878 1915 919 a
1945 856 2052 919 hir
2082 864 2238 917 elem
2271 852 2386 935 (gl.
2422 852 2519 947 in-

221 963 347 1026 stita
372 965 605 1048 longa).
671 968 1004 1029 Interdum
1036 977 1251 1029 tamen
1280 965 1350 1026 in
1379 964 1692 1048 positione
1721 964 2011 1026 absoluta
2049 961 2241 1025 etiam
2271 968 2520 1021 antece-

218 1070 341 1133 dere
366 1094 541 1154 posse
570 1072 975 1155 adjectivum,
1012 1072 1307 1153 colligere
1338 1070 1489 1132 licet
1518 1092 1599 1132 ex
1627 1069 1853 1132 iisdem
1881 1067 2139 1151 glossis:
2178 1063 2528 1127 creatieaul

205 1175 374 1256 plant
414 1179 524 1260 (gl.
559 1178 828 1261 genialis
872 1178 1106 1260 praeda
1147 1177 1464 1259 puellae),
1511 1175 1616 1239 dir
1645 1173 2052 1256 arpeteticion
2085 1171 2360 1235 ceintiru
2400 1169 2516 1251 (gl.

217 1281 428 1345 miseris
468 1284 925 1365 patruelibus),
975 1283 1046 1345 ni
1086 1284 1298 1346 forsan
1341 1282 1615 1344 nimium
1658 1280 1866 1344 ordini
1905 1279 2253 1342 latinarum
2295 1296 2525 1338 vocum

204 1386 469 1465 ⁴adhaesit
509 1391 844 1471 glossator,
883 1400 946 1451 et
983 1411 1016 1450 e
1048 1391 1225 1452 Mab.
1266 1395 1325 1464 2,
1366 1395 1469 1449 31.
1509 1394 1571 1463 3,
1611 1394 1766 1449 304:
1820 1384 2231 1468 amryuaelon
2257 1382 2518 1473 yerdeu,

214 1496 638 1579 amryu'aelyon
680 1496 920 1578 yordeu
952 1494 1137 1577 (varii
1175 1496 1456 1574 cantus),
1483 1493 1675 1577 juxta
1709 1499 1768 1569 2,
1810 1498 1880 1553 31
1911 1513 1925 1552 ε
1977 1487 2317 1574 amryuael
2338 1508 2535 1549 anre-.

208 1619 350 1683 yyon
380 1600 576 1682 (varia
607 1603 828 1682 dona).

356 1708 758 1770 Praecedunt
789 1707 982 1770 etiam
1012 1705 1485 1771 substantivum
1513 1704 1825 1788 adjectiva
1853 1701 2319 1788 pronominalia
2340 1699 2519 1776 neill,

211 1808 365 1888 lleill,
412 1834 688 1895 quorum
732 1812 996 1875 fortasse
1040 1811 1411 1897 compositio
1457 1813 1797 1875 statuenda
1839 1822 1937 1873 est
1981 1812 2074 1893 (p.
2113 1812 2304 1890 405),
2339 1816 2526 1889 paup

208 1916 467 2001 (quivis),
503 1942 627 2001 nep
662 1918 971 2002 (aliquis).
1038 1920 1205 1982 Cum
1249 1917 1573 1980 communi
1618 1917 2072 2000 adjectivorum
2110 1914 2333 1998 regula
2375 1935 2524 1976 con·

206 2024 442 2109 cordant
479 2035 699 2087 tamen
731 2026 909 2088 arall
935 2024 1177 2109 (alius),
1217 2024 1309 2087 oll
1335 2025 1622 2104 (omnis),
1661 2044 1822 2106 quae
1853 2033 2349 2105 postponuntur.

356 2135 413 2191 2.
474 2133 634 2194 Post
678 2130 1101 2206 substantiva,
1149 2151 1310 2212 quae
1356 2141 1716 2211 sequuntur
1758 2128 2088 2192 numerale
2131 2129 2202 2190 II
2236 2130 2346 2210 (p.⁴
2371 2128 2526 2207 302)

203 2233 291 2294 vel
330 2235 516 2298 etiam
562 2236 691 2298 alia
720 2236 1075 2299 numeralia
1103 2236 1173 2298 in
1208 2236 1409 2298 forma
1438 2234 1689 2296 numeri
1718 2233 2082 2318 singulariS,
2118 2232 2429 2315 adjectiva
2457 2232 2527 2293 in

202 2337 382 2403 forma
409 2342 680 2424 pluralis
713 2354 1053 2425 apparent:
1093 2343 1214 2404 deu
1243 2364 1400 2404 vaen
1430 2341 1837 2425 rudyochyon
1862 2343 2017 2422 (duo
2045 2339 2290 2423 lapides
2319 2338 2525 2420 rubri)

207 2449 268 2523 2,
314 2455 455 2511 386.
506 2451 629 2512 deu
683 2448 941 2532 vackwy
988 2440 1273 2511 mineum
1318 2447 1559 2510 ieueinc
1604 2449 1760 2528 (duo
1799 2446 1982 2529 pueri
2025 2445 2189 2508 susci
2225 2445 2526 2527 juvenes)

205 2558 256 2629 3,
291 2559 428 2617 265.
463 2553 702 2638 pedeir
730 2554 1064 2617 meillonen
1087 2575 1446 2638 qunnyon
1480 2554 1782 2636 (quatuor
1820 2551 2053 2615 trifolia
2082 2550 2278 2633 alba),
2298 2549 2531 2633 pedeir

198 2663 533 2742 ystondard
573 2661 912 2745 melynyon
945 2664 1246 2742 (quatuor
1287 2658 1520 2722 vexilla
1548 2660 1743 2742 flava)
1781 2670 1837 2735 1,
1880 2666 1980 2720 30.
2022 2664 2081 2734 2,
2122 2664 2268 2721 218.

356 2773 413 2829 3.
466 2768 643 2830 Sunt
696 2777 916 2829 contra
967 2766 1308 2848 adjectiva,
1361 2788 1522 2848 quae
1571 2777 1718 2849 post
1756 2764 2231 2828 substantivum
2274 2762 2528 2836 numeri

198 2870 444 2951 pluralis
475 2874 750 2935 formam
778 2869 1042 2953 pluralis
1075 2872 1336 2935 omnino
1365 2892 1498 2933 non
1527 2872 1833 2948 induunt,
1862 2893 1919 2933 e.
1948 2893 2072 2953 gr.,
2102 2878 2349 2954 praeter
2379 2868 2527 2931 sim-

198 2975 369 3058 plicia
410 2980 750 3061 quaedam,
789 2987 861 3039 ut
890 2999 1091 3040 mawr
1123 2979 1474 3060 (magnus),
1507 2987 1598 3041 tec
1629 2979 2019 3058 (formosus),
2057 2987 2121 3039 et
2151 2974 2521 3057 composita,

197 3084 550 3161 praesertim
580 3084 869 3146 derivata
897 3082 968 3145 in
998 3083 1106 3159 -ic,
1146 3105 1328 3158 -awe,
1366 3085 1524 3147 -awl
1549 3087 1740 3167 (quae
1770 3105 1904 3146 esse
1934 3093 2216 3164 possent,
2255 3082 2309 3143 si
2338 3081 2527 3143 adde-

197 3197 354 3250 retur
375 3189 591 3266 flexio,
625 3188 845 3272 -iqion,
878 3210 1126 3272 -oqyon,
1157 3188 1422 3271 -olyon),
1452 3189 1605 3265 -eid,
1635 3190 1866 3271 quibus
1891 3190 2202 3252 accedunt
2227 3187 2525 3249 termina-

199 3291 383 3357 tiones
406 3294 824 3378 gradationiS.
883 3293 1226 3375 Exempla:
1259 3316 1467 3356 aruezc-
1486 3302 1777 3379 trymyon
1802 3294 2142 3356 estronawl
2161 3296 2364 3374 (arma
2385 3314 2526 3374 gra-

198 3398 288 3461 via
312 3401 675 3484 peregrina)
705 3406 764 3488 2,
798 3405 943 3461 386.
983 3398 1203 3483 ἷίῃῃὲίί
1228 3400 1635 3485 rudyockyon
1661 3400 2094 3485 ywennwym'o
2125 3399 2322 3483 (oculi
2349 3398 2528 3462 rubri

199 3508 472 3588 venefici)
507 3513 571 3584 2,
614 3512 759 3568 388.
815 3506 1038 3590 llyqeit
1076 3528 1277 3570 mawr
1320 3506 1625 3589 heboqeid
1652 3507 1848 3587 (oculi
1891 3507 2109 3589 magni
2140 3504 2527 3590 accipitrini)

202 3612 253 3685 2,
284 3619 422 3675 385.
460 3615 718 3699 dynyon
752 3621 843 3675 tec
874 3613 1169 3675 awelsam
1201 3612 1274 3674 ni
1295 3611 1442 3693 (viri
1472 3612 1730 3675 formosi
1759 3635 1915 3696 quos
1946 3613 2251 3694 vidimus)
2278 3618 2342 3687 2,
2374 3616 2524 3684 203.

200 3715 556 3804 disyyryein
597 3740 782 3802 qur
839 3740 1094 3782 aruawc
1136 3720 1413 3800 (clamor
1456 3718 1737 3781 virorum
1780 3722 2207 3800 armatorum)
2258 3723 2292 3778 2
2311 3766 2331 3794 ,
2372 3724 2524 3790 388.

199 3822 414 3888 deudec
447 3823 718 3887 breakin
749 3823 1090 3907 arhuqeint
1117 3824 1502 3887 ovrenhined
1527 3846 1852 3887 coronawc
1875 3824 2169 3907 (triginta
2198 3825 2324 3887 duo
2346 3845 2528 3906 reges

197 3931 490 4013 coronati)
531 3938 591 4007 3,
632 3936 777 3993 263.
828 3930 995 3994 mein
1043 3930 1455 4015 llywychedic
1478 3930 1936 4016 qurthuawr,
1973 3931 2139 3993 mein
2170 3951 2530 4016 maw2·wer-.

199 4031 386 4098 thawc
411 4036 826 4121 llywychedic
850 4036 1119 4119 (lapides
1143 4036 1445 4119 pellucidi
1466 4036 1688 4120 magni
1708 4036 1923 4119 pretii)
1954 4044 2012 4113 3,
2046 4042 2191 4098 265.
2218 4035 2529 4119 yweisson

197 4138 458 4225 doethaf
477 4142 689 4225 (pueri
718 4142 1228 4225 prudentissimi)
1266 4150 1324 4218 3,
1366 4137 1513 4205 274.
1530 4143 1730 4226 ffuon
1760 4143 2005 4227 cochaf
2022 4145 2226 4223 (rosae
2256 4140 2531 4204 ruberri«

196 4249 351 4327 mae)
379 4252 438 4324 2,
471 4254 618 4310 218.
651 4250 990 4331 qwladoed
1014 4248 1232 4333 teccaf
1248 4270 1290 4310 a
1312 4249 1705 4333 ywastattaf
1722 4249 2036 4331 (regiones
2062 4247 2530 4332 pulcherrimae

196 4360 255 4412 et
280 4352 713 4435 planissimae)
746 4362 805 4431 3,
839 4359 984 4416 264.
1035 4354 1368 4437 AdJectiva
1395 4354 1745 4437 composita
1771 4353 2178 4437 persistentia
2206 4354 2276 4417 in
2307 4353 2528 4415 eadem

197 4454 384 4521 forma
439 4471 586 4542 post
629 4460 797 4524 idem
843 4461 1318 4523 substantivum
1337 4510 1353 4534 ,
1404 4461 1535 4524 sive
1581 4471 1677 4523 est
1722 4459 2063 4542 singularis
2099 4459 2351 4522 numeri
2396 4459 2563 4522 sive·
