3150 5242
633 370 756 429 954
1047 373 1166 433 VI.
1209 377 1267 431 2.
1330 391 1774 433 coNsrnuerlo
1808 390 2082 433 ΡοΕΤῐοΑ
2114 389 2543 432 BRrrANNicA.

930 550 1067 602 Non
1097 554 1377 603 memorat
1411 545 1755 602 Gododinus
1787 546 1847 600 in
1880 545 2005 600 solo
2038 545 2310 619 Mordeji,

928 655 1061 704 ante
1093 649 1406 703 tentorium
1438 648 1697 704 Matauci
1730 667 1863 702 cum
1892 648 2303 713 revertebatur,

927 749 1039 804 nisi
1070 769 1252 805 unum
1286 769 1315 805 e
1348 756 1583 805 centum
1615 768 1749 804 eum
1781 736 2278 822 aggredientem.”

916 895 1197 962 “Caeauc
1230 906 1589 961 condomitor
1620 905 1800 961 sumit
1828 906 2058 961 hastam
2090 924 2273 974 suam,

920 1008 1161 1065 incurrit
1189 1015 1256 1064 ut
1286 1008 1480 1081 aquila
1507 1007 1568 1063 in
1599 1008 1767 1063 litore
1800 1028 1932 1064 cum
1963 1007 2183 1064 irritata
2214 1014 2322 1063 est.

923 1112 1073 1184 Ejus
1107 1110 1337 1184 signum
1368 1109 1479 1165 fuit
1508 1116 1648 1165 nota
1679 1129 1827 1183 quae
1860 1117 1981 1166 erat
2012 1116 2264 1183 accepta,

920 1213 1069 1267 bene
1100 1211 1343 1286 perfecit
1373 1217 1687 1267 tesseram:
1729 1231 1847 1268 non
1876 1215 2202 1268 recessum!

922 1316 1078 1369 Ante
1111 1314 1428 1370 exercitum
1462 1315 1755 1370 Gododini
1788 1335 1858 1370 ex
1891 1332 2006 1387 quo
2039 1313 2260 1369 celatus
2293 1319 2383 1368 est

917 1417 1246 1488 praeclarus
1279 1418 1350 1472 ad
1381 1417 1707 1490 urgendum
1736 1415 2041 1490 proelium,
2083 1434 2199 1489 quo
2233 1415 2521 1473 exaltatus
2557 1424 2697 1481 erat,

920 1536 1036 1572 non
1067 1525 1264 1574 tuetur
1292 1537 1400 1574 nec
1429 1519 1599 1576 hasta
1627 1538 1736 1574 nec
1769 1523 2019 1586 scutum,

920 1639 1039 1675 non
1069 1628 1265 1695 potest
1293 1620 1510 1695 perfici,
1550 1619 1796 1674 nimium
1827 1620 2001 1676 alitus
2033 1626 2122 1675 est

916 1723 1104 1796 plagis
1137 1742 1578 1798 congressorum
1608 1722 1669 1777 in
1697 1709 1985 1796 proelia„

789 1869 919 1931 Hic
965 1892 1214 1952 quoque
1260 1870 1554 1931 restituta
1598 1879 1846 1931 vetusta
1884 1869 2225 1950 scriptione
2257 1872 2528 1933 redeunt
2553 1868 2930 1957 vassonantiae

617 1977 960 2056 quaedam:

955 2116 1021 2173 m'
1057 2112 1064 2197 Ι
1106 2115 1260 2172 oz‘liei
1289 2137 1318 2171 ο
1358 2114 1367 2189 Ι
1408 2136 1708 2189 campaun.

955 2239 1053 2275 rac
1092 2213 1099 2291 Ι
1143 2219 1314 2274 bodin
1339 2218 1620 2292 quotodin
1660 2263 1669 2274 .
1716 2262 1727 2274 .
1768 2237 1835 2273 αν
1872 2217 1883 2293 Ι
1925 2217 2187 2275 breithell
2219 2212 2227 2297 Ι
2271 2218 2526 2275 banauz't.

870 2341 975 2395 pro
1007 2342 1083 2397 ny
1116 2319 1327 2396 chyliez'
1354 2342 1384 2376 o
1410 2320 1739 2394 qamlzawn.

956 2444 1055 2479 rac
1087 2422 1250 2480 bediu
1282 2422 1487 2484 ododin
1527 2464 1537 2476 .
1585 2464 1595 2476 .
1635 2441 1702 2476 ar
1731 2420 1996 2477 vreithell
2020 2430 2304 2498 vanawyt.
2325 2419 2354 2450 *

781 2571 881 2633 Ad
910 2570 1192 2634 sistenda
1235 2570 1528 2653 exempla
1570 2568 1971 2632 assonantiae
2013 2568 2361 2653 bisyllabae
2393 2580 2456 2632 et
2486 2569 2777 2633 internae
2806 2568 2929 2631 sub-

603 2676 810 2758 jungo
843 2699 1091 2739 carmen
1129 2676 1448 2752 TaiesinO,
1479 2676 1591 2759 qui
1620 2675 1744 2738 fuit
1775 2675 2055 2764 aequalis
2078 2677 2431 2752 AneurinO,
2462 2677 2846 2759 adscriptum
2872 2673 2929 2734 in

610 2782 972 2844 narratione
1015 2785 1092 2844 de
1123 2782 1242 2843 hoc
1274 2788 1460 2864 poeta
1489 2782 1706 2844 addita
1737 2780 2002 2843 editioni
2047 2782 2484 2844 narrationum
2515 2783 2752 2846 codicis
2781 2778 2929 2843 rubri

613 2886 817 2967 (Mab.
854 2895 912 2963 3,
949 2894 1091 2950 348.
1128 2894 1282 2962 349;
1320 2889 1399 2950 cf.
1430 2888 1600 2950 idem
1632 2890 1740 2950 sed
1771 2887 1953 2950 valde
1984 2889 2323 2950 alteratum
2353 2887 2423 2949 in
2448 2890 2631 2971 Myv.
2663 2888 2847 2951 Arch.
2880 2896 2924 2960 1,

616 2997 747 3073 36).
791 2987 1425 3082 Inscribitur“Bustl
1440 3018 1480 3078 y
1498 2986 1802 3056 Beirdd²'
1824 2993 1958 3075 (fel,
1976 2992 2089 3068 ira,
2112 2995 2519 3075 Bardorum),
2539 2994 2693 3077 quia
2707 2994 2927 3056 Bardus

611 3099 710 3160 vel
740 3098 954 3181 potius
993 3102 1340 3162 Bardorum
1371 3100 1521 3161 ordo
1552 3098 1801 3161 invehit
1830 3099 1898 3161 in
1924 3099 2141 3163 Oleros
2172 3100 2274 3163 vel
2303 3099 2607 3183 reliquias
2632 3099 2927 3163 Druidum

611 3205 846 3267 ordinis
890 3205 1177 3287 delapsas
1219 3205 1287 3266 in
1330 3216 1662 3267 cantorum
1705 3205 2208 3269 mendicantium
2238 3228 2580 3290 pravorum
2613 3201 2927 3269 statum.**

1000 3360 1004 3442 Ι
1042 3363 1177 3419 Cler
1207 3385 1237 3419 o
1263 3383 1402 3437 qam
1433 3365 1595 3439 arser
1626 3382 1661 3418 a
1692 3364 1958 3438 arserant

1000 3461 1006 3544 Ι
1043 3466 1222 3522 ΟαίΙιί
1247 3464 1537 3521 annuwz'ol
1562 3487 1657 3540 yw
1688 3464 1742 3521 ei
1768 3464 2017 3522 moliant

998 3563 1005 3648 Ι
1042 3568 1233 3625 Cerdd
1259 3587 1451 3641 arwaq
1484 3567 1705 3642 ddfflan
1737 3587 1771 3622 a
1795 3574 2018 3641 qanant

996 3665 1002 3748 Ι
1039 3670 1313 3745 Celwydd
1342 3667 1442 3725 bob
1474 3689 1659 3725 amser
1690 3689 1725 3724 a
1755 3671 2020 3745 afferant

624 3812 783 3819 --—--—n

751 3877 777 3902 ²*
813 3876 942 3928 Tam
982 3876 1049 3928 de
1073 3873 1356 3927 Aneurino
1383 3892 1543 3943 quam
1571 3875 1639 3927 de
1663 3874 1781 3928 aliis
1806 3876 2035 3929 vetustis
2060 3876 2411 3929 Cambrorum
2438 3876 2632 3930 Bardis
2658 3885 2920 3941 eorumque

610 3962 935 4015 carminibus
974 3959 1283 4014 doctissime
1318 3959 1560 4029 disputat
1582 3960 1797 4013 libellus
1822 3962 2144 4032 inscriptus:
2169 3960 2258 4015 “A
2284 3962 2634 4014 Vindication
2660 3962 2722 4013 of
2739 3961 2826 4013 the
2845 3973 2919 4025 ge·

609 4048 899 4100 nuineness
933 4048 995 4099 of
1023 4048 1117 4099 the
1154 4046 1368 4099 ancient
1404 4044 1598 4097 british
1625 4062 1808 4118 poems
1834 4046 1895 4098 of
1912 4048 2176 4112 Anemin,
2206 4048 2459 4110 Taliesin,
2489 4046 2770 4117 Llywarch
2793 4043 2914 4100 Heu,

608 4134 716 4186 and
730 4134 1006 4197 Merdhin‚
1027 4132 1159 4186 with
1184 4130 1483 4201 specimens
1503 4131 1564 4183 of
1584 4131 1675 4183 the
1696 4148 1900 4199 poems.
1932 4134 2011 4203 By
2028 4134 2238 4187 Sharon
2254 4135 2428 4186 Turn
2442 4151 2471 4186 e
2484 4152 2529 4186 r.
2558 4132 2737 4186 Lond.
2759 4121 2914 4183 1803.‘’

690 4220 771 4268 ,²⁸
807 4221 959 4273 Haec
984 4219 1131 4273 vocis
1157 4219 1281 4271 Cler
1304 4216 1682 4285 interpretatio
1708 4217 1908 4286 legitur
1933 4218 2078 4287 apud
2099 4219 2380 4274 Owenum.
2425 4218 2728 4271 Monachos
2752 4227 2914 4268 eorun-

610 4306 732 4357 dem
772 4322 983 4358 morum
1021 4303 1232 4357 saeculo
1265 4303 1472 4355 decimo
1498 4302 1619 4371 lege
1645 4302 1862 4372 publica
1887 4302 2173 4372 castigavit
2196 4304 2448 4373 Edgarus
2472 4303 2706 4372 Angliae
2729 4318 2819 4354 rex
2842 4294 2913 4366 (cf-

610 4390 941 4454 San-Marte,
962 4391 1298 4459 Arthursage
1324 4408 1377 4459 p.
1400 4390 1507 4457 23).
1547 4389 1635 4442 De
1660 4389 1934 4442 armoricis
1953 4389 2121 4442 Cleris
2148 4390 2310 4442 etiam
2335 4387 2610 4441 hodiernis
2636 4388 2706 4440 ef.
2726 4385 2913 4439 villem-

610 4475 908 4539 Barz.-Br.,
939 4476 1106 4544 praef.
1136 4493 1190 4543 p.
1220 4475 1484 4528 XXXVI.
