3150 5242
606 342 732 404 940
1032 344 1153 407 VI.
1194 349 1253 407 2.
1318 335 1763 408 coNs'rRUc'rm
1793 363 2071 407 POETICA
2103 364 2498 409 HIBERNICA.

599 505 748 574 “Ad
777 517 1124 576 Hiberniam
1154 538 1289 577 eum
1318 520 1735 596 exspectabant
1763 520 1955 595 angeli
1984 519 2079 577 dei
2106 520 2170 576 in
2198 519 2503 589 desiderio,

606 618 807 677 multis
835 621 947 678 visi
977 628 1116 679 sunt
1143 622 1205 678 in
1233 622 1574 691 visionibus,
1609 623 1766 696 quod
1794 628 2037 680 ventura
2066 627 2264 679 essent
2292 623 2377 679 eis
2407 623 2538 699 ejus
2569 610 2870 682 subsidia.'

935 759 1030 818 Do
1048 755 1225 841 {saith
1238 762 1413 839 sodes
1443 783 1505 818 co
1543 760 1554 837 Ι
1593 761 1776 819 uictor
1807 755 1829 843 ΙΙ
1865 761 1934 818 ba
1963 761 2034 818 Ιιέ
2061 761 2437 820 aridralastar

939 862 1141 920 lassais
1171 862 1442 921 immuine
1472 862 1653 920 imbui
1681 857 1702 944 fl
1735 863 2034 921 asintenad
2054 864 2329 938 yalastar.
2349 861 2383 895 *

598 965 941 1037 “Processit
968 982 1043 1038 ad
1071 981 1371 1039 meridiem
1401 983 1475 1039 ad
1504 982 1820 1052 Victorem,
1858 982 1955 1039 hic
1987 1002 2121 1057 eum
2149 983 2467 1055 arcessivit,

604 1079 747 1136 arsit
773 1081 955 1143 rubus
984 1083 1047 1139 in
1077 1103 1194 1158 quo
1224 1084 1355 1153 fuit,
1396 1104 1470 1142 ex
1498 1085 1633 1159 igne
1664 1086 1896 1142 locutus
1928 1071 2086 1142 est.'’

772 1213 1196 1280 Assonantiae
1238 1218 1558 1295 dimidiae,
1596 1219 1750 1283 item
1793 1220 2266 1304 monosyllabae
2309 1221 2411 1283 vel
2437 1220 2815 1305 bisyllabae,
2851 1241 2938 1283 se·

607 1319 871 1399 quentia
910 1321 1181 1386 disticha
1222 1324 1352 1387 sint
1394 1327 1706 1409 exempla,
1751 1334 1850 1389 10.
1891 1332 1994 1388 26.
2047 1333 2123 1388 30
2169 1326 2662 1409 monosyllabae,
2700 1326 2778 1388 in
2821 1349 2939 1410 qua

605 1425 858 1509 saepius
889 1450 1200 1492 consonae
1230 1424 1390 1493 ratio
1422 1431 1685 1495 omnino
1714 1453 1847 1494 non
1874 1433 2166 1496 habetur.

867 1572 1052 1632 Tuata
1090 1574 1100 1651 Ι
1139 1575 1353 1632 Ιιένεηά
1380 1574 1754 1633 tairclzantais
1785 1568 1807 1655 ss
1841 1570 2154 1655 dosnfliqfed
2176 1555 2389 1633 sithlaa
2417 1579 2532 1633 nu'a

860 1676 1085 1733 meraid
1111 1671 1241 1757 coltt'
1266 1678 1554 1735 amartche
1586 1671 1608 1758 ss
1646 1676 1814 1754 [ocus]
1853 1676 2073 1754 bidfds
2110 1677 2120 1754 Ι
2161 1679 2237 1736 tir
2273 1677 2285 1754 Ι
2325 1678 2595 1735 temrach.
2617 1674 2683 1708 *³⁸*

604 1891 904 1946 derivatum
928 1900 992 1946 ut
1013 1893 1197 1948 semim
1224 1895 1297 1966 (p.
1319 1896 1460 1967 750).
1488 1895 1659 1949 menie
1682 1894 1910 1960 itchithi,
1940 1896 2250 1966 frequenter
2273 1895 2374 1950 visi
2399 1902 2545 1959 sunt,
2573 1895 2612 1948 i.
2641 1913 2693 1948 e.
2726 1896 2936 1961 multis;

603 1982 687 2028 est
732 1976 895 2029 etiam
941 1978 998 2031 in
1034 1981 1283 2050 sequenti
1320 1981 1484 2034 verbo
1521 1999 1818 2051 pronomen
1855 1981 2136 2051 personale
2172 1981 2399 2034 infixum
2438 1981 2650 2034 numeri
2692 1982 2935 2052 pluralis.

602 2060 875 2130 dosnicfet,
906 2063 1102 2131 doicfet
1126 2066 1201 2135 (p.
1229 2066 1352 2136 495)
1381 2083 1503 2119 cum
1529 2083 1685 2135 pron.
1714 2066 1811 2118 inf.
1839 2083 1947 2118 -sn-
1971 2065 2091 2119 loco
2117 2066 2304 2121 dativi.
2332 2064 2552 2117 arithisi
2572 2082 2670 2134 pro
2698 2062 2945 2136 afrithisi

604 2145 846 2214 ejusdem
872 2147 1072 2202 formae
1097 2167 1219 2202 cum
1244 2149 1423 2216 αίιΙιίε,
1452 2149 1643 2203 aithiss
1673 2150 1981 2219 (oppositiO,
2012 2151 2385 2220 contradictio)
2414 2151 2543 2204 Wb.
2577 2146 2691 2203 13¹².
2728 2153 2838 2216 151¹,
2866 2152 2935 2222 pl.

605 2230 734 2282 imm
772 2232 987 2285 aithistsi
1011 2234 1107 2304 (gl.
1136 2234 1477 2306 improperia)
1506 2237 1636 2289 Wb.
1667 2240 1739 2300 60,
1768 2236 1913 2288 unde
1937 2234 2231 2304 aithisiqud
2257 2236 2296 2305 (.·
2311 2236 2441 2288 roba'
2465 2235 2935 2306 oceanaithzzezyud,

602 2315 678 2385 gl.
707 2316 805 2369 fui·
826 2319 1266 2383 contumeliosus,
1296 2320 1394 2390 eis)
1424 2321 1552 2374 Wb.
1583 2324 1692 2373 28⁸.
1742 2320 1971 2373 Videtur
2007 2321 2296 2374 statuenda
2330 2320 2650 2389 compositio
2691 2339 2819 2374 cum
2843 2339 2934 2383 ess,

604 2407 668 2453 ut
690 2401 747 2459 in
771 2401 955 2468 airess,
977 2403 1126 2468 iress,
1156 2422 1280 2474 gen.
1309 2403 1463 2457 irisse
1489 2403 1786 2473 (instantia,
1808 2404 1982 2476 fides),
2002 2422 2131 2475 ergo
2156 2405 2352 2459 nicheas
2377 2405 2716 2476 (obstantia),
2739 2405 2937 2467 ethuic

604 2486 931 2541 contrarium
940 2488 1176 2556 frithess
1205 2489 1512 2559 (adstantia,
1543 2488 1848 2559 opitulati0,
1878 2490 2223 2560 subsidium).
2297 2518 2303 2524 ·

743 2572 769 2599 ⁴*
803 2573 1066 2630 Narratur
1094 2574 1182 2628 hic
1206 2574 1525 2630 miraculum
1548 2573 1977 2628 annuntiationis
2001 2574 2189 2629 mortis
2217 2574 2273 2629 S.
2301 2575 2521 2630 Patricii
2546 2593 2643 2647 per
2667 2576 2936 2629 Victorem

603 2655 720 2726 ejus
745 2658 999 2728 angelum
1024 2660 1321 2724 custodem,
1350 2661 1477 2713 inde
1500 2678 1534 2713 a
1556 2660 1685 2713 dist.
1712 2663 1797 2724 23,
1828 2661 1975 2728 quod
1998 2659 2220 2729 incipitz
2252 2659 2468 2729 pdtraic
2492 2660 2732 2714 diamboi
2752 2661 2937 2714 illobru

604 2740 689 2810 (P.
731 2759 852 2794 cum
888 2736 996 2797 fuit
1030 2744 1086 2796 in
1122 2744 1476 2815 infirmitate).
1514 2744 1753 2813 dofaith,
1787 2744 2061 2814 profectus
2096 2750 2195 2808 est,
2224 2763 2322 2815 pro
2344 2763 2451 2817 quo
2485 2747 2690 2800 rectius
2729 2748 2936 2800 videtur

602 2825 816 2893 rqfat‘d3
855 2828 1001 2897 apud
1036 2828 1175 2881 O'R.
1203 2829 1355 2883 locus
1389 2830 1662 2901 profertur
1696 2829 1858 2882 etiam
1892 2847 1960 2881 ex
1998 2830 2199 2899 hymno
2235 2830 2293 2881 in
2331 2830 2388 2883 S.
2426 2830 2724 2899 Brigitam=
2764 2831 2938 2899 rqfaid

602 2909 815 2978 aspirat
845 2911 1066 2964 dochum
1090 2913 1232 2966 m'me
1259 2914 1553 2984 (profectus
1579 2923 1663 2968 est
1687 2913 2048 2984 spiritus‘ejus
2070 2913 2142 2965 ad
2166 2914 2419 2984 coelum).
2457 2914 2704 2982 rqfdided
2727 2916 2935 2985 (missus

601 3000 701 3057 est,
731 3012 785 3064 p.
813 2997 937 3065 360)
969 2997 1147 3050 differt
1169 2998 1419 3067 fortasse.
1448 2999 1824 3062 aridralastar,
1850 2999 2094 3066 qulastar
2116 2998 2318 3050 formae
2343 3006 2513 3068 praet.
2540 3000 2832 3053 verborum
2854 3017 2935 3052 ar-

600 3080 771 3143 ralur,
798 3082 961 3149 qalur
984 3082 1368 3136 obsoletorum.
1414 3085 1502 3137 Ex
1526 3083 1621 3137 illo
1645 3083 1921 3136 residuum
1946 3083 2160 3136 videtur
2183 3082 2321 3152 gael.
2351 3083 2523 3136 subst.
2552 3086 2712 3137 arral
2737 3084 2933 3154 (super-

600 3163 708 3228 bia,
738 3167 1087 3238 arrogantia),
1116 3167 1163 3221 si
1186 3168 1255 3222 de
1279 3168 1661 3238 provocatione
1687 3167 1915 3220 aliorum
1940 3163 2289 3236 intelligitun
2334 3185 2402 3220 ex
2426 3168 2530 3220 hoc
2556 3168 2780 3237 quidem
2803 3167 2933 3221 nihil

601 3259 864 3319 superest,
893 3252 1000 3305 nisi·
1032 3253 1169 3307 forte
1206 3254 1380 3307 subst.
1420 3254 1709 3315 accaldam,
1751 3253 1982 3304 acaltam
2009 3251 2304 3320 (allocutio,
2333 3270 2387 3321 p.
2418 3254 2538 3323 839)
2566 3253 2930 3306 reducendum

601 3340 685 3387 est
721 3335 792 3388 ad
827 3337 1117 3406 adqaltam,
1147 3347 1230 3393 est
1262 3346 1444 3392 tamen
1475 3337 1973 3407 frequentissimum
2008 3337 2186 3390 adhuc
2223 3336 2423 3388 cambr.
2460 3337 2610 3391 verb.
2645 3340 2788 3406 qalw
2827 3337 2929 3406 (vo-

601 3419 765 3489 care).
796 3422 984 3487 lasani-5
1007 3430 1178 3493 praet.
1200 3441 1252 3478 v.
1271 3422 1460 3476 lasaim
1488 3422 1714 3493 (ardeo),
1734 3421 1880 3475 unde
1906 3420 2071 3473 lasair
2095 3420 2347 3490 (flamma)
2367 3427 2423 3475 et
2447 3420 2690 3474 lasairim
2709 3420 2926 3491 (ardeo).

599 3504 868 3572 immuine,
898 3507 1166 3566 inmanium
1191 3506 1386 3572 maine,
1414 3507 1604 3561 rubus.
1645 3507 1713 3560 In
1739 3507 1961 3562 vocibus
1983 3505 2297 3559 recentioris
2320 3506 2630 3576 scriptionis
2654 3524 2787 3559 asan
2814 3503 2929 3558 teui-

599 3591 710 3643 nad
740 3599 824 3645 est
856 3593 1013 3647 facile
1050 3594 1233 3647 videre
1270 3600 1378 3647 vet.
1405 3593 1699 3656 asini-mad,
1729 3610 1797 3646 ex
1835 3593 1979 3661 igne,
2009 3610 2042 3644 a
2082 3597 2193 3645 tene
2232 3590 2438 3661 (ignis),
2477 3592 2644 3657 tened,
2678 3591 2846 3656 tenad,
2873 3595 2931 3642 ut

603 3680 751 3744 tenqe
778 3675 1027 3749 (lingua),
1058 3680 1169 3731 dat.
1201 3677 1392 3748 tenqad
1415 3676 1488 3747 (p.
1520 3681 1638 3729 272.
1667 3678 1813 3747 273).

712 3760 766 3787 *⁴*
803 3761 927 3818 Hoc
954 3763 1096 3816 inter
1120 3763 1367 3827 disticha,
1398 3778 1535 3832 quae
1561 3762 1629 3814 de
1654 3760 1921 3814 desiderio
1948 3761 2296 3815 adventus‘S.
2325 3761 2546 3814 Patricii
2570 3762 2717 3831 apud
2740 3760 2927 3813 Hiber-

600 3863 700 3898 nos
724 3846 985 3900 referunt.
1024 3846 1416 3910 Tairehantais,
1443 3863 1617 3916 praes.
1644 3863 1751 3899 sec.
1779 3846 1932 3899 verbi
1954 3845 2315 3910 doarehafflm,
2346 3845 2666 3899 tairclumim
2695 3846 2770 3915 (p.
2790 3842 2923 3911 852).

600 3931 701 3994 sid,
719 3931 829 3983 sith
858 3931 1000 4003 (pax,
1020 3952 1074 4003 p.
1093 3935 1180 4004 24)
1202 3955 1215 3996 ς
1244 3949 1341 4003 pro
1365 3930 1611 4002 sithlaith
1634 3930 1793 4001 posui
1815 3930 2032 3995 sithlaa,
2062 3948 2185 3983 cum
2211 3931 2344 3983 luith
2368 3930 2440 3984 sit
2463 3931 2638 3983 forma
2661 3926 2928 3997 incognita

600 4016 828 4069 vetustis
856 4017 931 4088 (p.
958 4019 1081 4088 280)
1109 4025 1165 4070 et
1198 4016 1360 4070 luitha
1396 4023 1584 4069 contra
1617 4022 1868 4069 metrum.
1897 4017 2006 4068 mia
2040 4033 2189 4068 more
2227 4015 2387 4068 solito
2422 4031 2521 4084 pro
2555 4017 2659 4067 mie
2685 4013 2759 4083 (p.
2787 4011 2922 4079 826).

600 4100 822 4166 meraid,
851 4103 1000 4172 quod
1033 4109 1292 4167 maneret,
1322 4119 1496 4171 praes.
1537 4101 1761 4154 secund.
1789 4117 1921 4153 usus
1947 4099 2295 4170 conjunctivi,
2326 4098 2421 4151 sed
2446 4099 2608 4151 etiam
2633 4097 2795 4151 indic.
2822 4112 2924 4147 ma·

599 4185 746 4239 raith
775 4186 833 4240 in
858 4187 1090 4242 disticho
1132 4207 1162 4243 e
1188 4188 1283 4259 Sg.
1312 4204 1474 4259 supra
1497 4186 1680 4239 allato.
1709 4187 1830 4249 coti,
1861 4185 2033 4238 donec
2058 4184 2208 4238 venit
2233 4183 2307 4253 (p.
2335 4183 2482 4253 493).
2533 4183 2732 4236 Vocem
2756 4197 2922 4233 amar-

599 4269 737 4339 taiye
773 4273 932 4326 metri
966 4291 1128 4326 causa
1161 4279 1314 4327 muto
1349 4272 1407 4325 in
1442 4271 1731 4334 amartche,
1763 4287 1870 4339 qua
1904 4269 2044 4322 nihil
2077 4268 2438 4337 significatum
2476 4284 2593 4319 esse
2627 4272 2806 4338 potest
2828 4261 2922 4316 nisi

600 4355 912 4422 destructiO,
953 4358 1252 4429 composita
1282 4357 1488 4410 scilicet
1523 4373 1552 4408 e
1591 4362 1729 4425 part.
1769 4354 1963 4424 privat.
2003 4372 2113 4406 am·
2140 4360 2196 4405 et
2232 4353 2474 4408 derivata
2507 4350 2722 4414 artiehe,
2750 4348 2923 4401 artolae

600 4438 674 4506 (p.
707 4443 824 4492 776.
856 4444 975 4512 779)
1004 4460 1073 4496 ex
1107 4448 1201 4496 art
1225 4443 1457 4512 (domne,
1487 4441 1617 4493 item
1656 4439 1835 4509 lapis).
1887 4439 2032 4492 Ante
2069 4437 2159 4491 bid
2189 4436 2319 4490 item
2342 4436 2502 4490 metri
2527 4453 2685 4489 causa
2706 4431 2919 4503 suppleo
