3150 5242
244 370 578 414 Arrssxmx.
643 373 1000 433 srxcmmx
1032 373 1324 417 001110οΜ
1360 375 1645 418 mamm.
1684 375 1889 418 Plusc.
1930 368 2028 417 80.
2059 374 2141 416 ET
2172 373 2274 416 011.
2375 352 2539 414 1033

241 521 461 585 diorum
493 545 714 606 genus,
751 524 1098 608 sapientiae
1127 525 1270 587 luce
1302 525 1730 608 praefulgens,
1769 548 1807 588 a
1837 526 2228 588 Graecorum
2258 523 2543 586 fontibus

239 628 582 706 derivatum,
620 630 882 694 Latinos
923 631 1175 715 proprio
1204 654 1492 695 sermone
1524 631 1781 694 invenio
1813 631 2180 706 celebrasse,
2217 642 2280 693 et
2310 630 2379 692 111
2410 652 2543 692 om-

236 734 401 798 nibus
429 736 678 800 illorum
708 738 974 821 vestigia
1003 739 1372 802 liberalibus
1392 737 1409 771 ¹
1461 748 1835 800 consecutos
1867 737 2111 800 artibus
2145 737 2357 813 vide0,
2409 759 2541 800 non

237 842 418 904 solum
450 865 607 926 quae
636 846 967 907 emendate
998 846 1077 908 ab
1108 845 1236 908 illis
1267 855 1421 907 sunt
1450 844 1708 927 scripta,
1745 846 1856 907 sed
1886 845 2079 907 etiam
2110 846 2418 926 quosdam
2450 867 2542 907 er-

234 968 380 1009 rores
407 970 614 1012 eorum
647 972 856 1014 amore
885 972 1253 1033 graecorum
1282 953 1614 1014 doctorum
1643 953 1939 1035 deceptos
1956 947 1982 984 ²
2012 950 2272 1026 imitari,
2302 950 2370 1013 111
2403 950 2544 1032 qui-

233 1054 338 1116 bus
363 1055 627 1118 maxime
657 1056 1089 1120 vetustissima
1116 1057 1530 1140 grammatica
1560 1079 1660 1120 ars
1686 1057 1976 1140 arguitur
1998 1079 2290 1140 peccasse
2309 1106 2324 1131 ,
2362 1057 2544 1140 cujus

234 1172 492 1224 auctores
523 1175 761 1246 quanto
779 1164 1066 1247 juniores
1099 1174 1278 1226 tanto
1296 1159 1322 1197 ⁸
1353 1163 1839 1247 perspicaciores
1871 1174 1935 1226 et
1957 1162 2232 1246 ingeniis
2257 1164 2547 1227 floruisse

232 1279 286 1328 et
322 1268 640 1351 diligentia
683 1270 957 1333 valuisse
1003 1270 1291 1333 omnium
1324 1270 1570 1353 judicio
1603 1272 2060 1333 confirmantur
2090 1269 2545 1332 eruditissimo-

229 1394 371 1436 rum.
429 1376 598 1443 Quid
630 1376 807 1438 enim
837 1376 1193 1440 Herodiani
1224 1377 1465 1440 artibus
1497 1377 1771 1440 certius?
1818 1376 1991 1444 Quid
2016 1375 2345 1459 Apollonii
2371 1396 2546 1436 scru-

229 1479 444 1559 pulosis
488 1482 967 1564 quaestionibus
999 1483 1392 1546 enucleatius
1423 1478 1625 1567 possit
1653 1482 1963 1546 inveniri?
2011 1484 2179 1546 Cum
2212 1481 2409 1565 igitur
2439 1502 2545 1543 eos

228 1586 418 1650 omnia
457 1589 583 1652 fere
627 1589 808 1665 vitia,
846 1612 1263 1672 quaecunque
1306 1590 1716 1672 antiquorum
1761 1588 2231 1652 commentariis
2267 1596 2421 1649 sunt
2448 1609 2543 1648 re-

227 1691 359 1756 licta
399 1695 547 1758 artis
591 1696 1065 1779 grammaticae,
1115 1718 1500 1781 expurgasse
1545 1695 1886 1778 comperio,
1922 1695 2238 1777 certisque
2283 1692 2546 1756 rationis

226 1798 446 1881 legibus
475 1804 868 1878 emendasse,
897 1815 1259 1867 nostrorum
1289 1813 1504 1865 autem
1534 1802 1859 1866 neminem
1887 1812 2031 1886 post
2053 1799 2239 1864 illos*²
2269 1800 2547 1863 imitato·

226 1925 342 1967 rem
379 1929 591 1970 eorum
637 1908 979 1985 exstitisse,
1016 1910 1252 1993 quippe
1293 1909 1362 1971 in
1407 1908 1867 1992 negligentiam
1912 1907 2286 1971 cadentibus
2318 1906 2544 1969 studiis

224 2008 527 2077 literarum
584 2026 848 2099 propter
905 2015 1187 2099 inopiam
1245 2016 1661 2099 scriptorum3
1712 2015 2001 2098 quamvis
2050 2015 2383 2088 audacter,
2435 2014 2545 2075 sed

223 2138 340 2181 non
376 2119 800 2205 impudenter,
838 2133 913 2185 ut
955 2136 1135 2206 pum,
1172 2133 1438 2186 conatus
1470 2144 1614 2184 sum
1643 2143 1757 2204 pro
1789 2121 2029 2184 viribus
2049 2119 2074 2153 ⁵
2118 2142 2251 2183 rem
2282 2120 2547 2183 arduam

226 2225 480 2306 quidem,
518 2229 630 2291 sed
674 2227 884 2290 officio
924 2228 1333 2312 professionis
1377 2250 1509 2292 non
1552 2227 1927 2304 indebitam,
1964 2250 2154 2311 supra
2189 2225 2548 2289 nominato-

223 2352 350 2395 rum
378 2344 715 2417 praecepta
741 2334 1042 2409 virorum,
1074 2356 1235 2416 quae
1261 2357 1545 2418 congrua
1577 2345 1731 2398 sunt
1761 2333 1918 2408 visa,
1947 2332 2017 2394 in
2048 2332 2323 2395 latinum
2346 2343 2547 2395 trans-

223 2435 366 2501 ferre
405 2462 784 2516 sermonem,
820 2439 1101 2504 collectis
1147 2441 1339 2504 etiam
1371 2442 1668 2505 omnibus
1699 2441 1850 2516 fere,
1888 2460 2304 2521 quaecunque
2336 2460 2548 2501 110008-

222 2544 368 2608 saria
409 2558 772 2611 nostrorum
814 2569 1066 2632 quoque
1112 2548 1530 2610 inveniuntur
1573 2547 1810 2609 artium
1840 2544 2310 2608 commentariis
2340 2567 2547 2629 gram-

223 2652 576 2717 maticorum
592 2703 612 2731 ‚
672 2656 843 2736 quod
893 2668 1148 2738 gratum
1199 2657 1331 2720 fore
1383 2656 1631 2719 credidi
1675 2649 2319 2737 1011190111111011111111,,6
2362 2653 2417 2716 81
2469 2676 2549 2716 ex

222 2759 535 2843 utriusque
583 2760 846 2844 linguae
877 2763 1377 2826 moderatoribus
1408 2761 1796 2845 elegantiora
1826 2761 1896 2823 in
1926 2781 2131 2822 unum
2162 2770 2388 2822 coeant
2418 2777 2581 2822 cor-⁴

219 2885 348 2945 pus,
382 2890 521 2932 meo
557 2867 831 2930 faciente
860 2868 1095 2931 labore.
1163 2868 1334 2936 Quia
1363 2891 1481 2931 nec
1512 2868 2010 2950 vituperandum
2038 2888 2141 2929 me
2172 2887 2307 2928 esse
2336 2868 2544 2942 credo,

221 2969 269 3031 si
304 2994 402 3035 eos
432 2972 705 3050 imitor,⁷
750 2973 860 3057 qui
890 2974 1325 3058 principatum
1354 2975 1520 3037 inter
1552 2974 1886 3057 scriptores
1914 2972 2126 3056 grajos
2158 2971 2310 3035 artis
2340 2994 2548 3055 gram-

220 3079 470 3143 maticae
511 3080 865 3163 possident,
901 3103 1049 3144 cum
1092 3093 1334 3145 veteres
1380 3080 1586 3144 nostri
1618 3080 1689 3142 in
1733 3078 2048 3143 erroribus
2092 3077 2306 3154 etiam,
2343 3090 2418 3140 ut
2456 3078 2549 3141 di-

220 3194 381 3248 ctum
422 3198 541 3263 est,
580 3186 857 3249 Graecos
903 3185 1410 3271 aequiparantes,
1447 3187 1795 3249 maximam
1840 3197 2056 3248 tamen
2103 3194 2258 3247 sunt
2292 3184 2550 3247 laudem

219 3292 548 3355 consecuti.
617 3293 1005 3375 Exemplum
1046 3293 1241 3355 etiam
1284 3314 1634 3376 proponere
1677 3291 1955 3376 placuit,
2006 3312 2090 3353 110
2133 3289 2348 3372 pigeat
2391 3291 2548 3354 alios

219 3395 397 3460 etiam
440 3423 478 3462 a
522 3420 626 3461 me
656 3398 758 3461 vel
786 3398 1150 3482 ignorantia
1179 3400 1339 3462 forte
1372 3398 1814 3482 praetermissa
1842 3399 1944 3460 vel
1972 3397 2196 3460 vitiose
2227 3396 2397 3459 dicta
2428 3398 2553 3478 (ni-

216 3499 301 3564 hil
329 3504 499 3568 enim
531 3527 612 3567 ex
641 3505 817 3568 omni
846 3515 1025 3587 parte
1055 3503 1407 3589 perfectum
1437 3505 1506 3567 in
1538 3504 1839 3568 humanis
1870 3526 2006 3567 esse
2036 3504 2221 3566 credo
2245 3525 2427 3586 posse
2452 3504 2551 3566 in-

216 3611 640 3693 ventionibus)
674 3633 788 3673 sua
820 3633 1071 3694 quoque
1100 3611 1420 3674 industria
1450 3614 1531 3675 ad
1561 3634 1967 3676 communem
1998 3610 2377 3674 literatoriae
2408 3634 2549 3694 pro-

215 3714 494 3782 fessionis
550 3717 896 3782 utilitatem
949 3738 1230 3801 congrua
1272 3718 1536 3781 rationis
1581 3718 1988 3802 proportione
2031 3716 2131 3779 vel
2177 3718 2406 3780 addere
2449 3718 2550 3780 vel

437 3919 634 3927 ————

349 4052 369 4101 1
413 4049 526 4119 (Pr.
547 4050 641 4120 Sg.
675 4050 746 4120 1⁸)
775 4049 831 4103 in
858 4049 977 4104 cod.
999 4052 1175 4105 libral.
1203 4071 1259 4106 .1.
1290 4053 1550 4107 libardaib
1623 4058 1653 4107 2
1695 4054 1805 4124 (Ρ1.
1824 4055 1943 4127 Sg.)
1978 4076 2033 4111 .1.
2063 4064 2156 4113 atei
2180 4061 2348 4114 disere
2373 4061 2544 4114 latuit.
2620 4102 2625 4108 .

215 4129 337 4186 iana
355 4152 480 4203 yrec
505 4137 722 4190 coseich.
751 4137 837 4190 eid
856 4137 1297 4207 acomroz[r]cniu
1369 4143 1398 4192 3
1440 4139 1551 4209 (Pr.
1582 4140 1699 4212 Sg.)
1729 4140 1970 4195 inmeitso

217 4226 374 4358 aoid}
407 4222 529 4357 i(Pr.
560 4221 681 4293 Sg.)
714 4241 769 4275 .1.
799 4221 990 4276 indeed
1021 4222 1295 4276 innanisz’n
1433 4231 1462 4277 5
1507 4227 1617 4343 (Pr.
1649 4227 1767 4297 Sg.)
1803 4233 1868 4281 ’.1.
1907 4229 2248 4284 ishuasneurt
2272 4221 2390 4283 dom
2429 4248 2551 4283 ara·

352 4324 403 4444 6⁹
425 4393 534 4461 (Pr.
567 4394 653 4447 Cr.
690 4394 759 4463 1⁸)
793 4412 849 4446 .1.
879 4383 1045 4446 luia're
1071 4395 1327 4448 nadtums
1351 4396 1477 4448 aoht
1499 4401 1596 4449 am'
1616 4416 1754 4467 rupu
1782 4399 2013 4453 thasm’de
2134 4405 2159 4452 7
2203 4402 2313 4471 (Pr.
2345 4401 2438 4472 Sg.
2476 4400 2548 4472 lb)

217 4480 541 4531 cenusamlar
2020 4481 2025 4490 ⁸
