3150 5242
596 333 721 395 920
1024 337 1145 400 VI.
1184 344 1244 398 2.
1310 357 1755 400 οοΝετκυοΤῙο
1788 357 2063 409 101111οΑ
2099 357 2493 400 manemus.

775 504 946 568 Sunt
988 504 1218 588 viginti
1263 504 1574 588 ejusmodi
1605 507 1924 590 strophae,
1960 528 2230 589 quarum
2258 527 2544 589 quaeque
2574 516 2672 569 est
2699 507 2932 569 duode-

602 632 832 674 norum
873 631 1194 687 versuum,
1230 613 1309 674 ab
1334 603 1399 674 ‘A
1430 634 1632 694 usque
1676 614 1757 675 ad
1789 615 1850 677 V
1879 612 1949 675 in
1994 622 2126 675 toto
2172 613 2441 695 psalmo,
2478 612 2709 694 quibus
2742 612 2934 695 epilo-

601 738 721 799 gus
767 717 1030 800 triginta
1070 738 1371 779 versuum
1410 718 1714 782 succedit.
1778 718 1949 783 Nolo
1978 716 2188 782 videre
2216 717 2649 782 assonantiam
2678 719 2938 781 finalem

600 820 977 905 bisyllabam
1006 822 1433 905 copulativam
1464 844 1626 900 -are,
1657 834 1721 887 et
1751 825 1862 887 ubi
1892 823 2164 888 occurrit
2192 834 2349 907 puto
2379 845 2514 886 esse
2543 824 2792 887 factum
2818 824 2939 887 for-

602 926 789 1003 tuito,
826 949 957 990 non
1002 928 1316 1005 consulto,
1355 927 1504 1010 quia
1535 928 1728 992 etiam
1761 953 1828 1006 o,
1855 953 1887 993 e
1917 952 2065 993 cum
2093 952 2131 992 r
2158 931 2262 993 vel
2292 952 2439 993 cum
2470 929 2610 993 aliis
2642 929 2938 993 consonis

492 1054 501 1059 ·
600 1043 754 1095 ante
799 1055 1135 1096 commune
1176 1034 1508 1096 vinculum
1552 1057 1586 1096 e
1617 1038 2035 1113 antecedunt,
2071 1036 2173 1100 vel
2202 1037 2414 1121 potius
2444 1036 2516 1098 in
2546 1046 2732 1099 tanta
2763 1035 2942 1120 copia

599 1159 829 1201 vocum
859 1139 1233 1203 exeuntium
1263 1139 1334 1202 in
1365 1162 1397 1201 e
1426 1162 1558 1203 non
1591 1143 1958 1205 antecedere
1986 1164 2120 1204 11011
2149 1152 2440 1225 possunt.
2490 1141 2729 1205 Nescio
2753 1164 2840 1204 an
2863 1141 2942 1204 sit

600 1246 1036 1321 statuendum,
1074 1244 1267 1308 etiam
1300 1245 1732 1309 assonantiam
1762 1246 2077 1310 initialem
2105 1247 2299 1311 fuisse
2328 1247 2399 1309 in
2429 1247 2693 1311 consilio
2727 1258 2939 1311 aucto·

599 1349 707 1412 ris.
769 1351 1079 1418 Quamvis
1110 1351 1307 1414 rarior
1336 1362 1455 1428 est,
1488 1372 1621 1414 non
1652 1353 1829 1416 deest
1858 1364 2024 1415 certe
2056 1352 2388 1436 ejusmodi,
2416 1375 2474 1416 e.
2501 1375 2598 1436 gr.
2635 1353 2708 1415 in
2739 1353 2942 1437 prima

600 1457 862 1540 stropha
901 1457 971 1518 in
1014 1467 1425 1539 peccatorum
1453 1466 1725 1540 propter
1761 1479 2215 1539 praemonere,
2265 1478 2529 1540 reynum
2572 1458 2934 1536 reticulum,

597 1584 710 1624 con
727 1562 734 1647 Ι
743 1563 1043 1647 qreyanti
1074 1585 1294 1646 qemcs,
1332 1562 1644 1626 miserunt
1684 1564 1883 1626 malos
1913 1585 2111 1640 mare,
2146 1563 2391 1626 saeculi
2415 1585 2742 1647 separare,
2777 1565 2941 1630 retia

596 1678 926 1751 ruperunt,
961 1670 1138 1733 sedes
1166 1678 1549 1732 sanctorum.
2071 1688 2078 1689 ’

769 1774 1388 1838 Animadvertuntur
1436 1775 1784 1858 peculiaria
1824 1777 2157 1857 quaedam.
2234 1774 2436 1838 Elisio
2476 1775 2803 1841 vocalium
2842 1778 2940 1841 vel

599 1879 1126 1944 terminationum
1167 1903 1316 1944 cum
1344 1902 1406 1944 m
1438 1891 1588 1942 ante
1618 1881 1865 1943 vocales
1896 1881 2063 1943 facta
2091 1880 2447 1943 interdum:
2494 1881 2761 1946 reticulo
2794 1883 2939 1947 mis-

597 1985 764 2049 so-in
795 2007 972 2049 mare
1002 1994 1057 2062 1,
1092 1992 1151 2047 3.
1186 1987 1369 2048 modo
1399 2007 1520 2068 quo
1535 1986 2659 2070 pacto-excusabuntfactum-altare
2689 1999 2938 2053 contra-

598 2093 804 2156 altare
837 2097 897 2169 2,
940 2100 1040 2170 10,
1076 2093 1186 2155 sed
1215 2091 1367 2155 alibi
1397 2091 1592 2154 etiam
1622 2092 1874 2168 omissa,
1912 2113 1969 2154 e.
1997 2113 2094 2174 gr.
2134 2096 2193 2167 2,
2236 2097 2307 2153 3:
2344 2091 2437 2154 sic
2448 2093 2762 2175 fecerunt
2789 2095 2936 2158 scis-

598 2219 818 2261 suram
863 2206 924 2261 et
963 2200 1184 2263 altare,
1208 2203 1429 2261 contra
1470 2198 1702 2262 altare.
1765 2201 1936 2260 Ante
1967 2197 2212 2260 vocales
2242 2196 2271 2258 i
2296 2197 2533 2260 abolita
2561 2199 2662 2261 vel
2693 2201 2938 2283 prolata

597 2314 673 2367 ut
678 2304 765 2393 j.-
813 2305 1247 2385 abundantia,
1306 2305 1737 2388 evanyeh'um,
1796 2304 2160 2384 ecclesiam,
2220 2303 2503 2383 djabolo,
2565 2304 2929 2386 tradiy'one,

596 2409 783 2491 ah‘os,
819 2432 937 2472 nec
983 2421 1198 2473 tamen
1243 2421 1308 2472 et
1351 2410 1469 2478 hoc
1514 2431 1783 2492 semper.
1849 2411 2035 2472 Duae
2078 2408 2356 2492 syllabae
2398 2409 2620 2472 breves
2660 2432 2779 2493 pro
2808 2434 2934 2474 una

597 2526 749 2579 sunt
777 2515 847 2579 in
886 2523 941 2592 1,
985 2525 1050 2579 7:
1088 2515 1372 2599 quisquis
1402 2515 1624 2578 recolit
1652 2514 2062 2598 evanqelium,
2098 2513 2169 2576 ni
2198 2513 2540 2595 legendum
2569 2526 2668 2578 est
2698 2517 2868 2580 colit.

766 2621 920 2686 Non
958 2623 1168 2686 differt
1211 2621 1598 2687 constructio
1629 2619 1984 2684 carminum
2013 2618 2299 2702 ejusdem
2328 2621 2565 2684 saeculi
2596 2623 2699 2686 vel
2727 2635 2929 2706 poste-

594 2728 832 2792 riorum
876 2728 1293 2813 superstitum
1324 2750 1405 2791 ex
1434 2728 1559 2791 alia
1589 2726 1849 2811 celticae
1880 2725 2159 2788 nationis
2193 2737 2378 2804 terra,
2412 2727 2483 2790 111
2515 2751 2710 2811 quam
2739 2729 2928 2792 chris-

594 2836 770 2899 tiana
798 2835 1021 2918 religio
1050 2835 1242 2898 etiam
1272 2834 1602 2896 literarum
1632 2833 1880 2896 cultum
1903 2831 2146 2908 intulit,
2177 2853 2256 2894 ex
2279 2832 2617 2910 Hibernia,
2646 2834 2778 2897 sive
2800 2835 2928 2898 sola

593 2941 960 3005 assonantia
1003 2963 1151 3003 cum
1194 2951 1365 3002 certo
1409 2940 1798 3022 syllabarum
1839 2958 2105 2999 numero
2145 2936 2510 3002 dominatur
2540 2939 2609 3002 in
2639 2940 2765 3016 his,
2800 2940 2926 3006 sive

590 3057 838 3130 praeter
867 3068 1010 3109 eam
1037 3046 1312 3108 latinum
1345 3065 1595 3127 quoque
1627 3054 1903 3105 metrum
1931 3042 2289 3106 adhibetur.

764 3153 833 3218 S.
865 3151 1149 3229 Patricii,
1178 3151 1618 3214 Hibernorum
1646 3148 1915 3231 apostoli
1944 3150 2051 3230 (ab
2075 3170 2134 3211 a.
2166 3155 2286 3210 433
2320 3171 2523 3231 usque
2552 3151 2633 3213 ad
2655 3173 2716 3214 a.
2747 3153 2915 3232 460),

590 3259 811 3342 nepoti
842 3257 1209 3326 Secundino
1239 3254 1620 3320 adscribitur
1648 3255 1927 3339 hymnus
1958 3254 2394 3337 alphabeticus
2424 3256 2494 3318 in
2524 3256 2778 3320 laudem
2801 3257 2917 3318 Pa-

592 3364 758 3427 tricii
803 3359 1012 3427 adhuc
1055 3363 1184 3427 vivi
1228 3366 1358 3448 (ap.
1404 3361 1709 3426 Galland.
1752 3368 1852 3438 10,
1896 3366 2013 3422 183
2032 3385 2051 3436 ;
2102 3361 2183 3423 cf.
2219 3361 2440 3426 Vitam
2486 3362 2556 3424 S.
2608 3363 2780 3424 Patr.
2816 3383 2912 3443 ap.

588 3468 759 3535 Boll.
797 3472 992 3533 Mart.
1033 3477 1093 3546 2,
1133 3472 1306 3550 276),
1344 3468 1526 3551 cujus
1569 3489 1791 3530 versus
1835 3466 2022 3530 metri
2062 3466 2252 3530 latini
2292 3477 2581 3551 expertes
2613 3479 2678 3530 et
2708 3487 2914 3530 secun-

588 3577 745 3639 dum
787 3576 1173 3659 syllabarum
1213 3574 1562 3650 rationem,
1609 3575 1689 3636 ut
1727 3573 2011 3657 psalmus
2057 3572 2126 3635 S.
2160 3571 2551 3656 Augustini,
2599 3568 2914 3656 compositi

583 3692 834 3765 praeter
889 3679 1320 3746 assonantiam
1365 3679 1681 3743 initialem
1725 3689 1790 3741 et
1831 3680 2093 3742 finalem
2128 3677 2566 3762 ‚copulativam
2579 3728 2601 3756 ,
2653 3698 2806 3761 quae
2850 3674 2912 3737 in

583 3789 834 3851 duobus
865 3787 1151 3851 versibus
1184 3786 1436 3871 saepius
1468 3787 1668 3861 adest,
1698 3806 1830 3846 non
1862 3794 2076 3848 tamen
2107 3805 2374 3867 semper,
2403 3783 2790 3867 fiequentius
2820 3802 2911 3843 as-
2981 3799 2990 3822 ¹

583 3893 945 3957 sonantiam
971 3895 1231 3957 finalem
1261 3892 1588 3956 lateralem
1618 3892 1987 3956 ostendunt.
2054 3890 2225 3953 Sunt
2255 3912 2311 3952 e.
2347 3911 2444 3973 gr.
2481 3890 2739 3973 stropha
2764 3888 2820 3947 A
2851 3894 2911 3947 et

580 3999 636 4062 B
669 4020 816 4065 cum
847 4000 1212 4080 assonantia
1239 3998 1420 4062 finali
1449 3998 1825 4082 plerumque
1854 3996 2325 4080 monosyllaba:

881 4120 889 4205 l
924 4124 1165 4194 Audite,
1215 4119 1223 4203 Ι
1263 4142 1456 4180 omnes
1493 4122 1504 4198 Ι
1542 4128 1796 4179 amant-es
1828 4114 1849 4201 ΙΙ
1883 4121 2076 4189 deum,
2117 4125 2320 4177 sancta
2347 4119 2557 4178 merita

788 4227 922 4286 Viri
946 4228 1010 4284 in
1041 4227 1276 4285 Christo
1305 4224 1469 4284 beati
1498 4218 1518 4305 ΙΙ
1552 4222 1773 4281 Patrio?
1805 4223 1816 4298 Ι
1855 4221 2137 4299 episcopi,

787 4330 1097 4394 Quomodo
1127 4330 1343 4388 bonum
1374 4328 1447 4383 ob
1487 4325 1497 4402 Ι
1536 4332 1729 4382 actum
1762 4317 1782 4404 ss
1816 4324 2105 4380 similatur
2142 4323 2151 4398 Ι
2191 4322 2431 4397 angelis,

780 4432 1221 4510 Perfectamque
1250 4435 1488 4508 propter
1519 4428 1700 4485 vitam
1732 4420 1753 4507 ΙΙ
1821 4424 1833 4500 1
1873 4433 2158 4500 aequatur
2193 4423 2204 4500 Ι
2243 4422 2541 4499 apostolis.
