3150 5242
593 396 708 458 VI.
750 400 809 458 2.
866 415 1311 459 CONSTRth'mo
1343 414 1620 457 ΡοΕΤΙοΑ
1653 413 2047 457 mmmmm.
2367 390 2491 451 945

414 558 623 627 “Dixit
653 571 933 627 Patricius
956 594 966 627 ε

198 674 240 728 O
268 662 487 745 Brigita,
527 691 561 727 o
593 680 789 728 sancta
816 680 1018 741 mater,
1058 692 1092 729 o
1123 674 1356 729 flamma
1385 674 1509 728 auri
1541 673 1740 729 Desiis

196 773 399 847 triginta
426 792 606 830 annos
636 773 985 841 infidelibus,
1024 776 1267 832 benedic
1299 774 1618 831 Hiberniae
1645 782 1780 849 post
1808 778 1933 830 me!

196 876 415 932 Benedic
446 876 761 933 Hiberniae
793 877 950 932 omni
980 878 1128 946 loco,
1167 878 1411 935 benedic
1446 876 1603 933 Ultis
1635 884 1693 933 et
1726 875 2061 941 ConachtiS‚

193 977 401 1033 benedic
445 978 683 1052 Lagniis
726 980 883 1036 omni
923 987 1201 1056 tempore,
1242 988 1301 1035 et
1340 998 1567 1053 semper
1609 978 1852 1035 benedic
1893 978 2030 1035 viris
2063 978 2395 1034 Momoniae
2420 965 2487 1033 1³²

190 1275 255 1327 lae
289 1295 402 1329 aens
437 1280 745 1348 postulatur
780 1298 812 1332 a
846 1287 1035 1345 metr0,
1066 1281 1291 1335 vetustis
1322 1281 1436 1352 jam
1477 1282 1650 1352 po'etis
1687 1281 1915 1335 fortasse
1950 1297 2202 1333 concessa
2231 1280 2318 1349 (cf.
2348 1281 2488 1332 asin

189 1360 358 1430 hymno
382 1363 435 1416 in
463 1365 517 1418 S.
547 1367 696 1418 Patr.
734 1366 860 1418 dist.
894 1368 999 1437 13).
1054 1366 1194 1419 Sunt
1232 1374 1505 1436 praetcrea
1539 1366 1596 1418 in
1635 1366 1718 1418 his
1757 1366 2001 1418 distichis
2038 1383 2196 1419 voces
2232 1365 2368 1417 aliae
2406 1367 2492 1419 vel

187 1464 255 1499 res
286 1457 463 1502 notatu
500 1450 717 1519 dignae.
772 1451 858 1514 Ol,
891 1451 1040 1515 dicit,
1072 1451 1211 1509 dixit
1239 1452 1312 1522 (p.
1342 1451 1484 1520 495).
1525 1451 1740 1514 cuneoli,
1771 1450 2004 1513 camach,
2035 1450 2284 1519 primitus
2324 1467 2489 1503 anuse

185 1533 291 1584 arni
316 1536 488 1587 cunclil
516 1554 684 1588 mese-e
708 1536 926 1588 cailleek
957 1536 1051 1605 (gl.
1080 1554 1214 1589 anus
1240 1538 1373 1590 doce
1399 1554 1506 1589 non
1533 1537 1660 1589 vino
1685 1536 1857 1587 multo
1884 1534 2195 1597 servienteS,
2225 1535 2331 1587 Tit.
2354 1538 2403 1598 2,
2437 1536 2487 1606 3)

184 1617 290 1671 Wb.
316 1624 416 1672 310.
468 1623 557 1674 Ita
592 1621 758 1674 hodie
795 1639 1011 1690 quoque
1048 1622 1259 1674 hibern.
1289 1621 1428 1690 gael.
1459 1622 1730 1687 cailleaclz,
1761 1620 1970 1685 vetula3
2010 1621 2106 1673 sed
2145 1621 2307 1673 etiam
2338 1620 2492 1689 virgo

184 1704 402 1775 religioni
439 1708 656 1770 devota,
685 1706 880 1770 velata,
913 1706 999 1759 cui
1038 1706 1290 1759 subditur
1315 1724 1402 1775 ap.
1432 1707 1570 1760 O’R.
1601 1707 1773 1760 subst.
1805 1705 1955 1758 cat'lle
1984 1705 2203 1776 (velum)
2236 1706 2373 1768 ὂνέο,
2403 1722 2490 1774 ap.

185 1788 297 1842 O’R.
337 1792 468 1857 brec,
510 1792 676 1861 igniS,
706 1792 937 1844 flamma.
974 1791 1057 1843 o't‘r
1093 1810 1218 1860 gen.
1262 1792 1433 1844 subst.
1462 1794 1525 1844 όν
1553 1791 1820 1862 (aurum):
1863 1790 2098 1843 rz'clzisa'n
2141 1809 2197 1843 .1.
2236 1791 2499 1843 carmocol

184 1876 314 1929 drdae
352 1896 406 1930 .1.
449 1877 834 1930 arachosmaili
864 1876 1039 1928 ίηάόίν
1061 1876 1346 1944 frz'rz'clzzlss
1376 1877 1471 1946 (gl.
1503 1876 1890 1940 carbunculus3
1923 1877 2083 1929 credo
2107 1876 2342 1929 rectius:
2372 1894 2494 1928 ara·

183 1962 361 2015 cosmile
392 1963 585 2027 inddir,
618 1970 841 2032 propter
881 1962 1290 2015 similitudinem
1327 1962 1445 2014 auri
1483 1979 1607 2014 cum
1649 1962 1899 2032 carbone)
1929 1962 2024 2031 Sg.
2054 1962 2166 2014 47¹².
2208 1960 2496 2013 donadeseb

183 2045 212 2097 i.
227 2064 268 2098 e.
293 2048 475 2101 donaib
501 2048 667 2111 desib,
698 2047 896 2100 Desiis.
942 2049 1104 2101 Terra
1129 2048 1369 2111 nande'se,
1399 2066 1507 2101 nan
1531 2047 1685 2111 Desi,
1716 2047 2022 2111 Desiorum,
2053 2048 2363 2116 frequenter
2386 2063 2502 2098 me«

182 2140 392 2185 moratur
428 2134 485 2186 in
524 2132 662 2186 actis
688 2139 995 2185 sanctorum
1023 2132 1347 2196 Hiberniae;
1379 2138 1461 2184 est
1485 2139 1667 2184 tamen
1693 2131 1917 2184 minoris
1943 2132 2178 2184 ambitus
2205 2139 2259 2184 et
2284 2132 2497 2183 Momo-

180 2217 282 2269 niae
313 2237 447 2288 pars,
479 2225 543 2271 ut
567 2222 722 2289 patet
745 2234 774 2269 e
799 2216 925 2268 Vita
950 2216 1005 2270 S.
1035 2217 1277 2286 Brigitae
1306 2217 1467 2287 (Bou.
1499 2218 1659 2270 Febr.
1698 2221 1742 2282 1,
1783 2218 1929 2287 171)=
1964 2215 2098 2271 “Vir
2123 2215 2286 2287 long-e
2311 2234 2343 2269 a
2368 2216 2496 2269 civi-

179 2306 271 2353 tate
296 2304 347 2356 S.
376 2304 635 2374 Brigidae
659 2301 957 2365 habitabat,
988 2302 1163 2370 spatio
1191 2302 1401 2355 itineris
1426 2302 1700 2355 viantibus
1727 2310 1959 2372 quatuor
1985 2303 2211 2366 dierum,
2243 2301 2498 2355 videlicet

178 2387 225 2439 in
246 2389 593 2443 Momonia
641 2389 707 2441 in
744 2395 936 2440 terra
971 2387 1284 2441 Nandesi
1319 2387 1373 2439 in
1401 2405 1588 2457 campo
1615 2386 1859 2440 Femin.''
1908 2386 2296 2456 Principalium
2319 2387 2496 2455 regio-

180 2490 290 2526 num
323 2476 558 2540 nomina,
589 2492 623 2527 a
659 2472 875 2543 populis
907 2472 1294 2542 principalibus
1321 2474 1580 2525 enarratis
1604 2474 1661 2526 in
1687 2474 1788 2525 hoc
1816 2472 2047 2526 carmine
2074 2480 2209 2535 orta,
2240 2471 2497 2525 dicuntur

179 2575 205 2609 a
225 2559 431 2614 Giraldo
459 2559 778 2615 cambrensi
808 2558 967 2629 (saec.
998 2557 1338 2629 duodecimo)
1369 2558 1425 2610 in
1467 2558 1846 2629 Topographia
1872 2557 2170 2611 Hiberniae
2194 2557 2491 2620 M'omonia,

179 2645 409 2713 Laqem’a,
453 2646 676 2699 Ultom'a
710 2654 765 2697 et
808 2643 1078 2708 conantia,
1116 2652 1170 2695 et
1203 2645 1366 2697 hodie
1405 2662 1620 2713 quoque
1659 2646 1929 2708 Mum-ter,
1974 2644 2266 2708 Leinster„
2296 2643 2492 2704 Ulster,

186 2730 492 2801 Connauqkt.
527 2732 703 2785 trieha
732 2730 947 2781 blindan
964 2730 1326 2797 qenchraefdem
1357 2729 1584 2798 triginta
1606 2747 1776 2781 annos
1802 2728 1917 2781 sine
1942 2729 2065 2793 fide,
2094 2730 2267 2781 refero
2294 2728 2363 2781 ad
2387 2729 2496 2780 De-

181 2815 270 2867 sios
303 2819 542 2871 nondum
585 2816 806 2869 omnino
845 2815 914 2866 ad
951 2815 1270 2883 religionem
1297 2814 1642 2866 christianam
1667 2815 2031 2867 transductoS.
2085 2812 2326 2867 Multum
2352 2813 2497 2865 enim

180 2897 417 2955 laboravit
454 2903 510 2956 S.
556 2901 771 2970 Brigita
808 2900 865 2952 in
903 2900 1201 2964 Momonia,
1245 2907 1308 2952 ut
1344 2906 1527 2951 narrat
1561 2907 1750 2951 auctor
1785 2900 1941 2954 Vitae
1978 2901 2093 2970 ejus
2125 2898 2289 2969 (Boll.
2332 2898 2490 2950 Febr.

184 2986 222 3047 l,
252 2989 355 3040 166.
390 2989 541 3059 167).
579 2985 677 3041 “S.
708 2986 932 3055 Brigida
967 3003 1089 3037 cum
1126 2985 1236 3037 suis
1275 2985 1331 3036 in
1370 3003 1618 3053 campum
1649 2984 1833 3037 Cliack
1869 2985 1925 3037 in
1951 2984 2233 3038 Momonia
2256 2983 2496 3055 positum

181 3069 326 3122 exivit
350 3079 402 3125 et
422 3073 693 3126 habitavit
717 3071 827 3124 illic
853 3071 909 3123 in
935 3069 1170 3139 quodam
1195 3069 1314 3121 loco
1340 3070 1408 3122 ad
1434 3077 1665 3139 tempus.
1699 3109 1711 3121 .
1745 3110 1757 3122 .
1787 3071 1968 3124 Multa
1991 3072 2056 3122 B.
2087 3069 2310 3138 Brigida
2334 3069 2391 3121 in
2415 3086 2496 3121 re-

180 3153 408 3221 gionibus
432 3156 896 3210 Momoniensium
933 3155 1061 3206 fecit
1096 3162 1151 3206 et
1187 3154 1342 3224 plura
1376 3155 1495 3207 loca
1529 3163 1585 3207 et
1608 3156 1934 3208 monasteria
1957 3157 2033 3208 ibi
2059 3156 2312 3225 signavit.
2365 3155 2499 3207 Post

182 3238 292 3292 haec
315 3241 413 3294 iter
436 3242 667 3313 arripuit
690 3241 872 3295 venire
897 3240 965 3292 ad
992 3239 1262 3292 civitatem
1289 3258 1439 3292 suam
1465 3240 1521 3291 in
1546 3247 1743 3292 terram
1770 3238 2242 3310 Lageniensium.’'
2283 3241 2369 3293 De
2395 3240 2494 3292 hac

182 3326 373 3394 propria
398 3327 453 3380 S.
484 3327 728 3397 Brigitae
764 3327 889 3379 sede
918 3326 1059 3378 idem
1094 3325 1167 3395 (p.
1204 3326 1350 3395 160)=
1386 3323 1480 3377 “‘in
1506 3325 1681 3394 patria
1706 3343 1802 3377 sua
1825 3344 2083 3395 magnum
2108 3325 2494 3378 monasterium

182 3407 506 3474 plurimarum
545 3412 851 3467 construxit
886 3411 1175 3480 virginum,
1205 3410 1389 3479 ibique
1424 3411 1659 3463 maxima
1695 3418 1883 3480 postea
1919 3410 2107 3463 civitas
2144 3411 2201 3463 in
2232 3411 2494 3464 honorem

181 3491 236 3544 B.
261 3495 505 3566 Brigidae
543 3498 729 3560 crevit,
760 3513 895 3566 quae
933 3503 1017 3548 est
1057 3493 1218 3546 hodie
1256 3495 1571 3563 metropolis
1598 3495 2036 3564 Lageniensium.
2089 3496 2193 3549 I’lla
2220 3496 2336 3566 jam
2360 3496 2496 3550 cella

184 3580 357 3635 scotice
382 3584 582 3639 dicitur
605 3583 879 3647 Killdara,
909 3580 1075 3633 latine
1100 3597 1227 3633 vero
1254 3587 1411 3631 sonat
1441 3580 1588 3632 Gella
1613 3598 1852 3650 quercus.
1905 3581 2151 3639 Quercus
2178 3582 2320 3638 enim
2346 3582 2493 3635 altis-

183 3663 298 3719 sima
320 3669 392 3721 ibi
416 3677 549 3734 erat,
581 3685 739 3739 quam
765 3668 997 3719 multum
1023 3665 1238 3718 amabat
1263 3665 1318 3717 S.
1349 3661 1625 3734 Brigida.’'
1666 3666 1918 3728 dmvmt'se,>
1949 3659 2196 3730 darme'si,
2220 3666 2500 3719 dar-m-e'si

186 3748 248 3818 (p.
276 3756 409 3826 617).
437 3758 526 3821 dei,
556 3756 738 3808 locus:
772 3752 983 3805 isindziu
1007 3750 1121 3804 ita'a
1143 3769 1254 3802 som
1284 3750 1382 3819 (gl.
1411 3768 1534 3803 cum
1559 3749 1807 3804 Christus
1832 3751 2141 3819 apparuerit
2164 3757 2294 3805 tunc
2320 3758 2376 3805 et
2399 3769 2495 3804 vos

184 3839 485 3904 apparebitis
520 3857 644 3893 cum
682 3839 803 3904 illo;
833 3838 870 3890 i.
899 3856 947 3890 e.
976 3837 1032 3890 in
1058 3837 1176 3890 loco
1203 3835 1297 3889 ubi
1322 3843 1405 3889 est
1428 3835 1561 3906 ipse)
1593 3835 1722 3888 Wb.
1755 3835 1864 3885 27¹³.
1910 3840 2018 3898 tan,
2048 3841 2279 3906 tempus,
2309 3836 2366 3889 in
2391 3837 2494 3889 fre-

186 3923 350 3987 quenti
375 3926 640 3993 particula
665 3925 831 3989 intem,
860 3923 1033 3976 intain
1063 3923 1324 3995 (tempore
1348 3938 1473 3990 quc,
1505 3922 1669 3991 cum).
1702 3921 1814 3974 bith
1844 3917 2092 3984 bennaeh,
2125 3921 2490 3985 ὀίίήὂεηηαοή,

186 4019 369 4076 semper
404 4010 631 4063 benedic
672 4011 747 4080 (p.
778 4011 922 4080 835).
942 4013 1069 4080 firu
1103 4025 1319 4060 muman
1354 4005 1423 4058 ad
1462 4008 1714 4060 verbum:
1755 4005 1897 4058 viros
1937 4006 2371 4071 Mumaniorum,
2413 4014 2496 4061 est

187 4089 309 4142 enim
332 4111 543 4148 muman
568 4096 740 4148 forma
763 4113 887 4164 gen.
918 4094 1058 4164 plur.
2341 4091 2344 4094 ’

1064 4335 1564 4343 ΗΜ

282 4599 401 4640 vor..
430 4589 507 4642 11.
2019 4593 2095 4648 60
