3150 5242
420 408 537 470 IV.
579 415 640 469 4.
722 390 1137 470 PAR'rmuLAn
1169 426 1640 470 RESPONDENDI
1674 426 2151 469 BRITANNICAE.
2337 404 2462 466 719

141 577 349 660 ffm‘est
385 594 465 660 yr
504 597 580 660 ys
629 577 927 662 blwydyn
974 578 1237 661 (puella,
1288 576 1499 659 inquit
1531 579 1637 653 Ρ.,
1675 598 1834 638 1111111
1873 575 1993 638 ibis
2035 585 2107 637 tu
2153 583 2464 637 monstra·

144 664 266 744 'tum
304 681 457 743 mihi
487 682 735 744 animal
765 682 922 744 hoc?
967 684 1121 746 Non
1151 683 1286 745 ibo!
1338 705 1470 744 non
1501 682 1814 744 concessit
1844 679 2090 743 homini
2121 679 2211 741 ire
2242 680 2321 741 ad
2353 678 2460 740 sil-

152 809 269 849 vam
294 786 436 849 inde
463 788 544 849 ab
568 791 771 868 anno)
805 794 859 862 1,
893 792 1038 850 293.
1076 783 1465 851 aatwaenost
1485 787 1557 850 di
1573 810 1616 871 3]
1642 786 1998 850 marchawc
2019 806 2203 847 raeco
2227 805 2450 846 mawr.

152 910 249 953 nac
268 900 460 954 atwen
483 893 602 954 heb
624 914 711 976 yr
731 902 923 976 ynteu
941 896 1128 974 (num
1153 892 1478 975 cognoscis
1506 902 1578 954 tu
1603 891 1881 973 equitem
1902 890 2088 952 illum
2110 910 2419 972 magnum
2437 888 2462 951 ἲ

152 999 275 1060 Non
314 1018 649 1079 cognosco,
692 998 1018 1080 respondit
1063 998 1199 1079 ille)
1235 1003 1294 1074 2,
1342 1005 1441 1059 10.
1509 999 1672 1059 Inde
1716 1010 1781 1059 et
1823 997 2095 1058 formula
2139 997 2320 1059 NAC
2353 993 2464 1056 EF

154 1106 281 1174 (nou
307 1102 403 1164 id!
438 1124 646 1185 germ.
686 1103 840 1165 nein
861 1103 945 1185 !):
987 1103 1129 1187 tydi
1154 1103 1485 1187 vyckwaer
1514 1103 1630 1167 heb
1659 1125 1701 1187 3]
1718 1104 2024 1184 peredur.
2054 1102 2228 1186 myvi
2248 1123 2288 1163 a
2311 1122 2464 1163 ran-

153 1210 260 1292 naf
279 1232 317 1293 3]
360 1208 526 1291 bwyt
569 1229 655 1270 ar
705 1208 908 1291 llynn.
971 1209 1123 1270 Nac
1162 1210 1245 1293 ef
1260 1209 1424 1272 eneit
1452 1208 1565 1272 heb
1598 1209 1671 1271 ln·
1698 1211 1800 1289 (tu
1829 1229 1970 1269 mea
2000 1207 2201 1269 soror!
2251 1205 2463 1289 inquit

155 1315 237 1389 Ρ.,
266 1335 371 1395 ego
414 1312 804 1375 distribuam
847 1313 1060 1375 cibum
1104 1323 1169 1377 et
1198 1324 1443 1395 potum.
1505 1315 1659 1376 Non
1683 1313 1783 1376 idl
1830 1312 2064 1388 anima,
2100 1312 2265 1373 dixit
2295 1311 2460 1394 ipsa)

156 1420 296 1480 Mab.
333 1427 388 1494 1,
423 1424 572 1479 251.
612 1417 912 1480 arhowck
942 1417 1009 1480 vi
1033 1440 1182 1502 yma
1212 1419 1326 1482 heb
1356 1442 1400 1503 3]
1414 1421 1702 1500 peredur
1731 1418 1823 1480 mi
1850 1418 1984 1500 aas
1996 1440 2038 1501 3]
2068 1416 2356 1500 ymwelet
2384 1436 2462 1477 ar

144 1524 298 1608 pryf.
343 1526 491 1585 Nae
535 1523 623 1606 ef
653 1524 952 1606 arylwyd
977 1522 1091 1586 heb
1122 1533 1314 1608 wynt.
1353 1546 1496 1587 awn
1525 1532 1683 1608 yyyt
1707 1545 1749 1608 3]
1778 1523 2005 1608 ymlad
2030 1540 2109 1584 ar
2123 1522 2309 1605 pryf
2327 1523 2462 1601 (ex-

151 1639 390 1710 spectate
418 1650 522 1690 me
552 1628 689 1704 hic,
726 1628 938 1711 inquit
970 1631 1077 1705 Ρ.,
1115 1651 1231 1711 ego
1261 1629 1365 1692 ibo
1396 1632 1478 1692 ad
1508 1631 1933 1712 pugnandum
1963 1649 2111 1690 cum
2142 1636 2455 1709 serpente.

151 1733 273 1797 Non
293 1733 409 1797 ita!
440 1733 729 1809 domine,
759 1733 1062 1796 dixerunt
1083 1733 1180 1795 illi
1192 1758 1210 1809 3
1241 1734 1474 1797 ibimus
1497 1752 1631 1796 una
1654 1737 1734 1797 ad
1764 1734 2139 1797 certandum
2161 1748 2309 1794 cum
2333 1752 2461 1794 ser-

151 1840 334 1921 pente)
371 1848 426 1916 1,
467 1844 622 1901 277.
692 1838 907 1901 Hodie
948 1861 1198 1922 quoque
1227 1862 1356 1923 naq
1387 1863 1419 1902 e
1449 1840 1517 1902 in
1548 1838 1867 1903 sententia
1894 1838 2157 1900 biblica:
2210 1837 2465 1920 bydded

152 1943 261 2007 sich
297 1944 794 2029 qurweddiad
828 1945 923 2020 Ιέ,
962 1944 1065 2018 ic'3';
1109 1940 1264 2029 Naq'
1308 1968 1361 2021 e,
1407 1968 1535 2029 naq
1577 1968 1610 2008 e
1642 1944 1755 2028 (sit
1798 1964 2001 2007 sermo
2046 1952 2283 2005 vester:
2336 1951 2453 2017 est,
2555 1945 2564 1955 ’

151 2061 258 2125 est3
286 2073 434 2128 non,
470 2050 702 2132 nonl).

290 2157 446 2218 Inde
490 2156 605 2218 vix
647 2154 721 2216 in
753 2170 875 2218 usu
902 2155 1096 2218 fuerit
1124 2156 1437 2239 particula
1465 2178 1590 2219 nac
1619 2155 1773 2230 sola,
1809 2164 1885 2216 ut
1910 2153 2236 2217 hibernica
2263 2152 2459 2236 parti-

152 2260 268 2322 cula
303 2261 600 2344 negativa
644 2263 1033 2344 respondens
1075 2262 1257 2323 naicc
1287 2265 1379 2346 (p.
1422 2269 1489 2322 71
1509 2266 1570 2343 1)
1586 2286 1606 2335 3
1643 2259 1915 2322 occurrit
1962 2270 2176 2321 tamen
2205 2270 2281 2320 ut
2311 2260 2458 2321 sub-

153 2367 466 2428 stantivum
498 2369 734 2450 (germ.
773 2367 889 2429 das
919 2365 1126 2448 noim:
1182 2370 1373 2451 ἄρτιοί
1403 2389 1436 2427 0
1461 2374 1704 2449 qennat
1730 2365 1960 2428 arthur
1989 2386 2151 2426 anae
2175 2362 2399 2447 qentki
2414 2370 2458 2424 'o

152 2469 415 2534 iwerdon.
458 2520 472 2533 .
517 2521 530 2534 .
563 2473 793 2556 ywedy
828 2472 1120 2555 Zleueryd
1143 2494 1264 2535 nac
1292 2473 1516 2535 udunt.
1553 2469 1797 2555 kyuodi
1824 2491 2019 2532 aoruc
2050 2469 2304 2552 bedwyr
2335 2470 2457 2549 (re-

153 2574 250 2637 diri
291 2599 326 2639 a
360 2578 684 2660 legatione
730 2576 999 2654 Arthuri
1043 2578 1339 2660 coeptum
1379 2587 1441 2639 et
1483 2598 1637 2653 non,
1675 2575 1719 2638 i.
1756 2596 1812 2637 e.
1863 2573 2141 2658 negatiO,
2177 2574 2451 2656 repulsa,

152 2701 274 2743 cum
306 2705 377 2745 ea
415 2705 496 2746 ex
527 2683 852 2747 Hibernia
887 2730 900 2744 .
943 2729 957 2744 .
1001 2730 1015 2745 .
1084 2685 1434 2764 Postquam
1482 2682 1729 2744 dictum
1770 2702 1925 2756 non,
1975 2688 2279 2762 negatum
2324 2688 2459 2741 erat

153 2783 243 2860 eiS,
276 2808 520 2870 surgere
544 2791 673 2869 B.)
707 2789 881 2850 Mab.
922 2793 982 2863 2,
1023 2793 1167 2850 240.

294 2894 344 2954 Ε
372 2893 693 2957 contrario
723 2903 878 2955 sunt
905 2893 1251 2975 peculiares
1276 2892 1624 2975 particulae
1652 2891 2105 2972 respondentes
2129 2886 2455 2950 affirmati·

153 3016 245 3057 vae
264 3000 569 3079 quaedam
592 2997 964 3074 cambricae,
994 3020 1151 3079 quas
1175 2998 1379 3060 nescit
1402 2996 1728 3059 hibernica
1750 2995 1994 3077 lingua.
2042 2992 2458 3076 Frequentior

154 3112 230 3162 est
256 3103 360 3179 IE‚
397 3106 559 3168 IEU
583 3126 596 3166 :
648 3126 723 3165 ae
755 3125 895 3186 ρων
922 3126 964 3186 3]
996 3103 1227 3165 arthur
1257 3111 1386 3187 wyt
1415 3102 1466 3165 ti
1491 3102 1607 3165 heb
1639 3102 1728 3185 ef.
1763 3101 1838 3162 Ie
1869 3122 2019 3184 myn
2049 3099 2314 3184 vyykret
2341 3098 2455 3161 heb

151 3212 472 3286 yperedur,
503 3209 624 3271 heb
647 3232 688 3292 3]
707 3207 1084 3291 qwalckmei
1105 3210 1291 3290 (num
1312 3207 1408 3269 vir
1429 3207 1700 3268 Arthuri
1722 3229 1787 3269 es
1813 3205 1925 3268 tu?
1956 3205 2120 3267 dixit
2141 3205 2272 3267 ille.
2308 3204 2449 3267 Ita!

153 3330 243 3389 per
266 3315 444 3376 fidem
471 3336 708 3389 meam,
738 3312 947 3395 inquit
976 3315 1083 3387 Ρ.,
1113 3313 1232 3393 G.)
1259 3313 1436 3374 Mab.
1473 3320 1529 3387 1,
1563 3317 1709 3373 244.
1742 3317 1887 3372 285.
1948 3309 2216 3392 Saepius
2242 3320 2457 3372 tamen

154 3417 427 3493 particula
455 3442 592 3482 non
622 3419 980 3501 respondet,
1011 3418 1121 3480 sed
1150 3418 1425 3479 affirmat
1454 3417 1872 3492 solummodo,
1905 3416 2229 3478 interdum
2260 3425 2324 3477 et
2347 3437 2454 3477 ex-

156 3518 384 3585 clamat:
422 3546 568 3588 awn
596 3532 754 3610 yqyt
777 3545 818 3607 3]
848 3524 1076 3606 ymlad
1100 3544 1179 3584 ar
1195 3522 1386 3605 pryf.
1429 3523 1503 3584 Ie
1532 3521 1647 3584 heb
1676 3544 1717 3606 3]
1735 3521 2021 3602 peredur
2049 3543 2133 3605 ny
2165 3520 2457 3604 mynnafi

154 3620 336 3711 kynny
360 3632 501 3711 (nos
530 3630 763 3693 ibimus
790 3650 920 3691 una
941 3630 1021 3690 ad
1045 3626 1418 3690 certandum
1442 3649 1589 3690 cum
1612 3637 1924 3709 serpente.
1974 3627 2186 3701 Cert0,
2215 3625 2448 3707 inquit,

157 3728 242 3804 Ρ.,
272 3753 395 3795 11011
438 3735 740 3818 permitto
785 3734 932 3814 hoc)
967 3734 1142 3795 Mab.
1187 3739 1244 3807 1,
1285 3737 1429 3794 278.
1481 3732 1838 3816 datlequu
1872 3752 2066 3794 aoruo
2094 3751 2175 3813 yr
2203 3729 2448 3791 iarlleS.

156 3832 215 3894 Ῑθ
248 3858 317 3920 vy
357 3842 499 3903 mab
547 3839 856 3924 kychwyn
886 3862 928 3901 a
967 3860 1198 3922 vynny.
1234 3837 1353 3899 Ieu
1382 3836 1496 3899 heb
1528 3837 1752 3921 qfqan
1785 3839 1868 3921 dy
1894 3829 2132 3920 yenyat
2160 3833 2452 3916 (resusci-

154 3947 263 4002 tata
289 3964 362 4004 ex
392 3944 590 4007 animi
620 3943 898 4025 deliquio
928 3943 1282 4007 comitissa:
1319 3963 1554 4017 revera,
1586 3941 1681 4003 fili
1709 3943 1819 4019 mi,
1850 3942 2019 4005 abire
2042 3951 2115 4002 tu
2137 3939 2269 4002 vis!
2308 3940 2447 4001 Ita!

152 4040 352 4126 inquit,
387 4072 533 4111 cum
565 4063 676 4112 tua
703 4049 987 4129 licentia)
1027 4058 1083 4124 1,
1125 4054 1269 4110 238.
1320 4071 1438 4110 can
1471 4050 1553 4131 dy
1581 4057 1820 4130 yenyat
1847 4047 1961 4109 heb
1991 4068 2032 4130 3]
2049 4046 2335 4126 peredur
2364 4044 2457 4106 mi

152 4169 185 4207 a
236 4154 671 4240 qychwynnaf
720 4154 979 4240 ymeitk.
1035 4155 1110 4215 Ie
1169 4155 1384 4239 kynny
1451 4161 1761 4236 vymrawt
1810 4172 2083 4235 avynny.
2134 4151 2252 4211 Ieu
2301 4170 2453 4232 myn

152 4268 393 4336 vyyeret.
431 4260 623 4343 apkei
664 4281 752 4323 na
794 4260 895 4323 bei
922 4281 956 4321 ο
980 4267 1216 4344 qaryat
1244 4268 1437 4321 arnat
1468 4258 1519 4321 ti
1546 4280 1632 4341 ny
1664 4258 1890 4342 bydwn
1917 4276 2067 4340 yma
2091 4255 2214 4339 hyt
2242 4278 2284 4338 3]
2310 4253 2455 4315 bum

153 4360 305 4433 (Cum
345 4376 453 4435 tua
490 4365 782 4441 licentia,
832 4364 1044 4447 inquit
1089 4366 1166 4427 P.
1188 4412 1207 4439 ,
1254 4384 1514 4446 pergam
1555 4364 1743 4426 foraS.
1811 4363 1966 4422 Heu
2006 4360 2147 4435 hoe,
2196 4358 2288 4420 mi
2329 4358 2454 4419 fra-

154 4470 252 4539 ter,
284 4467 408 4531 vis!
460 4472 594 4534 Ita!
642 4493 753 4554 per
797 4472 990 4533 fidem
1034 4490 1278 4543 meam3
1327 4480 1391 4530 et
1424 4468 1477 4529 si
1508 4489 1641 4530 non
1671 4467 1895 4529 fuisset
1924 4485 2134 4527 amore
2167 4462 2285 4537 tui,
2322 4483 2454 4524 non
