3150 5242
668 374 792 435 IV.
831 380 893 433 3.
954 390 1488 434 coxscxcnoxfis
1520 389 1995 431 BRITAXXICAE.
2373 366 2498 426 695

190 539 248 600 in
281 540 546 602 vetustis
576 540 808 602 finium
835 538 1386 622 descriptionibus,
1421 561 1478 601 e.
1510 562 1610 621 gr.
1644 539 1717 600 in
1744 536 1905 599 libro
1935 537 2263 598 Laudant
2312 534 2498 596 mali-

116 714 119 719 ,
191 646 295 706 duc
322 645 392 725 (i.
427 668 485 706 e.
520 647 665 707 mal
700 646 728 707 i
766 647 910 720 duc,
944 656 1019 706 ut
1048 644 1250 719 ducit,
1284 644 1543 719 fluvim,
1579 646 1754 706 lacus
1784 656 1934 716 ete„
1969 641 2016 701 i.
2052 664 2110 703 e.
2145 642 2498 701 seeundum

188 748 434 811 fluvium
463 755 625 830 etc.)
654 752 745 832 fq.
792 774 869 812 ac
909 751 1026 812 nal
1055 774 1100 833 y
1139 772 1281 810 mae
1322 749 1592 834 mynych
1627 754 1717 829 (et
1761 760 1834 810 ut
1863 750 1938 809 fit
1968 750 2181 828 saepe)
2215 746 2392 806 Mal).
2436 753 2492 819 l,

191 859 317 915 235.
377 857 683 918 Formula
721 878 799 917 ac
840 856 958 916 ual
991 877 1225 917 novam
1262 854 1690 916 narrationem
1734 854 2047 935 incipiens
2061 900 2082 926 ,
2130 850 2499 932 significans

188 959 284 1020 lat.
309 981 467 1035 cum,
497 983 646 1022 cum
680 970 911 1035 autem,
938 960 1191 1042 saepius
1220 960 1405 1022 obvia
1434 960 1505 1022 in
1527 962 1742 1022 Mab.:
1780 983 1857 1020 ac
1887 959 2003 1020 nal
2016 957 2113 1042 yd
2128 956 2250 1017 oed
2268 954 2494 1016 walch—

188 1064 298 1124 mei
329 1064 732 1129 diwarnawt.
783 1115 798 1128 .
838 1114 855 1127 .
902 1065 1135 1149 edrych
1176 1087 1372 1126 aot-uc
1417 1069 1590 1145 (cum
1633 1078 1796 1126 esset
1845 1065 1951 1124 W.
2001 1060 2378 1142 aliquando,
2420 1109 2435 1121 .
2477 1108 2492 1120 .

190 1168 373 1250 vidit).
420 1192 497 1230 ac
536 1172 662 1232 nal
694 1173 789 1254 yd
819 1172 937 1232 oed
961 1169 1158 1231 owet‘n
1187 1170 1567 1232 dite-amausi
1591 1194 1676 1254 yn
1709 1171 1914 1252 bet-yla
1952 1216 1968 1228 .
2009 1216 2026 1228 .
2068 1216 2082 1227 .
2116 1166 2375 1248 uachas
2394 1188 2496 1225 ηο-

189 1295 341 1357 myra
367 1297 455 1357 yn
487 1277 690 1359 dyuot
719 1279 895 1355 (cum
923 1287 1138 1337 autem
1166 1285 1331 1337 esset
1360 1275 1443 1336 O.
1478 1275 1821 1357 aliquando
1850 1294 2146 1345 coenam,
2180 1320 2197 1332 .
2231 1320 2246 1332 .
2282 1271 2496 1353 puella

192 1379 364 1461 venit)
399 1386 456 1454 1,
495 1385 604 1441 21.
644 1385 750 1442 26.
815 1380 1025 1462 Magis
1068 1381 1277 1442 differt
1319 1403 1358 1442 a
1400 1380 1590 1441 solita
1631 1378 2131 1461 significatione:
2182 1400 2260 1438 ac
2295 1377 2496 1459 moly

191 1485 430 1546 crettoch
459 1487 614 1550 (1οεί
639 1508 731 1548 un
760 1508 839 1546 ar
866 1487 1142 1570 uyndtcy
1169 1487 1439 1570 ysywyd
1466 1485 1494 1546 i
1515 1507 1666 1569 yma
1696 1483 2033 1546 ohonatcch
2062 1486 2152 1562 (et
2182 1494 2256 1542 ut
2283 1483 2495 1542 creda-

193 1587 278 1664 tis,
293 1589 501 1652 veniat
521 1613 701 1652 unus
723 1590 796 1652 in
814 1591 1112 1652 humeros
1133 1613 1308 1653 meos
1331 1591 1457 1653 huc
1480 1613 1516 1652 e
1537 1591 1718 1653 vobis
1730 1616 1753 1665 3
1780 1610 2111 1651 =armor.
2132 1609 2296 1660 maz,
2316 1607 2491 1646 corn.

188 1697 338 1776 may)
361 1694 540 1755 Mab.
572 1699 638 1770 2,
671 1699 819 1755 234.
875 1697 1116 1757 Contra
1143 1695 1214 1757 in
1244 1696 1777 1778 significationem
1806 1692 2273 1776 conjunctionis
2302 1690 2496 1772 hujus

191 1799 627 1880 comparativae
670 1808 897 1862 transit
938 1822 1133 1882 supra
1174 1801 1344 1863 dicta
1385 1823 1639 1885 meyys:
1701 1801 1755 1864 ti
1793 1800 1994 1883 ‹zu-ely
2033 1805 2244 1881 μεῖναί
2284 1817 2496 1878 meyys

191 1901 477 1986 dyffrytm
508 1925 720 1966 mawr
747 1904 1017 1984 (videbis
1047 1906 1382 1987 planitiem
1409 1918 1483 1967 ut
1511 1927 1813 1987 magnam
1839 1905 2097 1983 vallem)
2127 1903 2304 1967 Mab.
2341 1909 2410 1975 1‚„
2434 1909 2491 1961 7.

336 2009 601 2070 Cornice
630 2010 895 2085 AVEL,
928 2012 1261 2073 AVELL:
1311 2012 1455 2073 azel
1489 2014 1578 2073 du
1618 2034 1662 2094 y
1683 2010 1952 2094 fethyth
1986 2008 2170 2093 yurt's
2203 2010 2303 2088 (ut
2339 2009 2496 2068 deus

191 2111 308 2190 fies)
338 2114 516 2174 Pass,
557 2121 621 2189 6,
660 2121 723 2174 4.
768 2115 909 2177 avel
933 2115 1240 2177 brathken
1270 2138 1395 2198 aya
1424 2118 1581 2179 dens
1607 2140 1651 2200 y
1681 2140 1722 2178 α
1754 2116 2077 2198 thiskerny
2110 2118 2212 2193 (ut
2240 2112 2500 2174 molossi

194 2233 315 2276 suos
353 2217 574 2279 dentes
619 2219 982 2299 nudabant)
1016 2225 1119 2294 96,
1158 2228 1220 2281 4.
1278 2222 1361 2304 qf
1388 2244 1429 2283 a
1470 2222 1695 2304 holyas
1736 2220 1908 2282 abell
1946 2218 2116 2280 acell
2153 2240 2238 2279 tm
2282 2216 2499 2279 ownek

196 2320 444 2394 (secutus
475 2334 576 2383 est
603 2345 645 2383 a
673 2322 1024 2405 longinquo
1053 2337 1128 2386 ut
1158 2325 1449 2407 timidus)
1486 2335 1517 2386 7
1530 2335 1588 2402 7,
1629 2331 1688 2387 2.

334 2427 660 2489 Armorice
703 2429 974 2491 EL’EL:
1033 2430 1180 2491 bont
1214 2452 1347 2510 pen
1396 2432 1539 2514 ysel
1578 2432 1721 2492 εκεῖ
1755 2430 1898 2493 dall
1936 2433 2099 2509 (esse
2141 2428 2345 2510 capite
2392 2429 2499 2489 ‹le—

195 2526 360 2591 misso
398 2542 470 2592 ut
512 2536 771 2612 coecus)
801 2533 975 2594 Buh.
1013 2541 1076 2608 4,
1114 2541 1217 2595 24.
1265 2537 1410 2597 euel
1446 2536 1687 2619 vnsoll
1718 2558 1802 2597 an
1833 2534 1925 2596 oll
1950 2557 2017 2594 ez
2048 2554 2143 2594 em
2176 2534 2366 2594 collez
2398 2535 2498 2614 (ut

196 2634 401 2697 stultus
443 2638 709 2699 omnino
753 2649 815 2699 te
853 2640 1106 2720 perdes)
1142 2645 1243 2716 72,
1282 2647 1342 2702 2.
1407 2643 1733 2724 Frequens
1775 2650 1872 2702 est
1897 2638 2200 2720 loquendi
2228 2640 2499 2701 formula

198 2740 315 2799 euel
335 2739 472 2817 hen,
501 2745 658 2806 eual
680 2742 804 2805 hen
833 2747 935 2825 (ut
963 2744 1107 2820 hoc,
1141 2745 1186 2805 i.
1216 2767 1273 2807 e.
1310 2746 1422 2822 sic,
1459 2749 1637 2828 ergo)
1667 2753 1769 2822 66,
1804 2753 1905 2805 10.
1941 2750 2085 2818 126,
2118 2750 2221 2807 21.
2255 2752 2400 2821 140,
2433 2753 2491 2806 5.

202 2846 322 2917 184,
358 2850 453 2905 18.
496 2855 645 2923 188,
689 2855 788 2909 15.

340 2950 513 3013 PAN
546 2957 749 3035 (cum,
779 2955 1087 3035 quando).
1137 2955 1626 3018 Substantivum
1650 2959 1837 3036 (num
1865 2956 2036 3018 idem
2065 2976 2213 3016 cum
2242 2953 2492 3015 hibern.

200 3056 308 3126 lan,
342 3065 587 3138 tempus
603 3057 659 3138 3)
683 3057 716 3089 *
759 3058 1045 3121 indicant
1087 3060 1296 3122 adhuc
1324 3062 1773 3142 praecedentes
1803 3060 2150 3123 cambricae
2178 3059 2498 3143 praeposi-

202 3153 374 3220 tiones
403 3183 436 3220 ο
463 3172 528 3223 et
554 3185 601 3245 y
635 3166 749 3242 (-—-
772 3162 867 3243 di)
881 3163 1145 3245 junctae
1168 3187 1315 3225 cum
1336 3166 1604 3228 articulo
1628 3169 1720 3248 (p.
1747 3171 1857 3226 621
1878 3214 1892 3226 .
1918 3169 2105 3246 625):
2142 3188 2215 3226 or
2221 3188 2364 3246 pan
2391 3167 2496 3227 do-

203 3257 286 3320 tlw
310 3286 347 3345 y
375 3265 613 3329 kebam:
639 3290 729 3350 yn
758 3269 949 3330 emud
967 3291 1085 3353 eny
1112 3278 1293 3332 tenuo
1316 3270 1495 3332 allan
1520 3274 1587 3351 (a
1610 3281 1912 3353 tempore,
1942 3292 2067 3352 quo
2090 3269 2374 3353 posuerit
2396 3292 2499 3332 ac-

202 3361 454 3443 cipitrem
492 3371 562 3433 in
609 3394 820 3447 cavea,
866 3374 1066 3435 donec
1109 3376 1438 3453 exemerit)
1471 3376 1628 3455 Leg.
1671 3381 1728 3435 1.
1770 3382 1867 3437 10.
1915 3382 2013 3437 16.
2056 3398 2138 3460 yr
2163 3397 2350 3457 pann
2384 3375 2498 3459 yth

201 3469 377 3533 wele&
420 3479 672 3561 yyntas
702 3501 742 3538 a
773 3478 979 3560 φοναῖς
1021 3502 1108 3562 yn
1146 3479 1422 3564 vahaf
1445 3501 1588 3562 ρων
1631 3482 1739 3560 (ex
1782 3504 1907 3563 quo
1937 3481 2071 3543 vidi
2099 3492 2162 3543 te
2192 3479 2492 3563 primum,

202 3576 377 3636 amaw'
413 3582 691 3643 maxime
732 3581 1062 3662 virorum),
1097 3604 1179 3666 yr
1207 3605 1352 3663 pan
1394 3585 1509 3667 yth
1539 3584 1746 3647 weleis
1769 3586 2022 3669 qyntaf
2037 3586 2129 3647 mi
2156 3586 2267 3648 ath
2291 3586 2498 3667 yet-eis

204 3674 292 3750 (ex
322 3701 436 3760 quo
466 3695 528 3746 te
557 3685 692 3747 vidi
720 3687 1020 3768 primum,
1056 3710 1174 3769 ego
1203 3689 1412 3751 amavi
1442 3692 1531 3771 te)
1563 3692 1740 3752 Mab.
1784 3696 1841 3766 1,
1883 3695 2028 3751 264.
2068 3696 2212 3751 273.
2259 3711 2340 3774 yr
2355 3712 2496 3771 pan

197 3779 365 3854 θθῖἷθδ
402 3809 442 3868 y
477 3792 752 3873 yyuoetlz
791 3794 907 3876 kyt
946 3793 1151 3855 hediw
1185 3797 1294 3873 (ex
1335 3816 1462 3876 quo
1505 3794 1720 3857 amisit
1748 3817 2018 3879 regnum
2047 3818 2250 3879 usque
2279 3795 2496 3875 hodie)

204 3877 353 3947 Mab.
389 3894 445 3966 2,
485 3899 588 3955 21.
655 3897 895 3959 Eodem
937 3897 1125 3959 modo
1169 3909 1515 3982 usurpatur
1554 3901 1758 3962 subst.
1794 3923 1930 3963 αῖον
1960 3901 2203 3982 (hora):
2252 3922 2334 3983 φ·
2364 3923 2500 3963 awr

321 4094 345 4120 ⁸
375 4097 602 4171 Expono
637 4122 799 4172 supra
823 4113 1211 4175 congruentem
1234 4107 1398 4176 hujus
1422 4107 1718 4176 particulae
1744 4109 2196 4161 constructionem
2223 4126 2345 4161 cum
2371 4125 2497 4159 con-

205 4177 466 4237 structione
500 4188 979 4254 substantivorum,
1010 4209 1146 4259 quae
1186 4198 1314 4243 sunt
1346 4191 1466 4243 loco
1505 4193 1968 4261 conjunctionum.
2021 4193 2079 4246 Si
2103 4201 2284 4245 tamen
2309 4192 2495 4242 eadem

205 4271 294 4310 Vox
326 4269 635 4324 conferenda
670 4280 753 4324 est
788 4291 908 4325 cum
947 4275 1328 4343 conjunctione
1362 4275 1464 4327 lat.-
1485 4278 1711 4343 quando,
1741 4284 1804 4329 ut
1825 4277 1922 4329 lat.
1951 4277 2178 4345 quinque
2203 4282 2285 4327 est
2309 4275 2495 4325 eadem

207 4354 257 4390 ac
286 4344 401 4401 brit.
417 4355 584 4425 pinel),
618 4356 765 4408 haud
805 4357 968 4409 dubie
994 4359 1267 4427 primitiva
1291 4362 1581 4412 statuenda
1604 4369 1686 4413 est
1707 4362 2011 4413 britannica
2035 4358 2344 4429 conjunctio
2357 4374 2493 4424 pan,

209 4431 256 4475 et
274 4427 486 4488 formula
506 4458 568 4491 or
579 4458 697 4509 pan
719 4441 805 4494 vel
824 4460 896 4510 yr
911 4460 1025 4511 pan
1048 4443 1349 4513 supplenda
1372 4445 1428 4496 in
1453 4463 1515 4496 or
1538 4447 1686 4513 hymn
1699 4465 1832 4514 pan,
1859 4464 1930 4515 yr
1953 4447 2100 4514 hyan
2114 4461 2228 4512 pan
2256 4443 2330 4510 (p.
2352 4441 2494 4508 398).
