3150 5242
594 374 720 434 916
1021 372 1141 435 VI.
1182 377 1242 433 2.
1309 392 1754 436 coNsTRuc'rro
1786 390 2062 435 Pom-ica
2093 392 2488 453 mnancA.

591 565 721 605 non
764 541 1037 605 nimium
1082 542 1315 604 audere
1348 541 1507 604 mihi
1537 541 1816 617 videbor,
1854 541 1910 604 si
1938 541 2354 617 affirmaverO,
2382 540 2520 623 jam
2548 540 2752 624 prima
2782 543 2928 606 reli-

590 649 800 732 gionis
831 646 1212 710 christianae
1236 659 1442 710 aetate
1466 647 1536 708 in
1554 646 1774 710 Gallia
1799 668 1938 709 eam
1959 645 2257 728 gallicam
2280 646 2636 710 carminum
2657 648 2930 712 formam

591 756 658 818 in
712 753 992 817 carmina
1044 753 1389 815 christiana
1442 752 1816 815 translatam
1867 774 2023 816 esse.
2089 754 2181 816 Ut
2231 754 2497 817 heroum
2546 755 2930 841 bellatorum

591 860 837 922 fortiter
880 869 1021 921 acta
1064 858 1546 920 celebrabantur
1588 880 1626 920 a
1658 858 1881 920 Bardis
1913 860 2331 922 Cambrorum
2367 860 2757 923 carminibus
2789 861 2933 944 ejus

590 965 848 1040 formae,
888 985 1047 1046 quae
1090 976 1345 1028 exstant
1389 963 1621 1039 adhuc,
1658 974 1722 1026 et
1763 986 1801 1026 a
1833 965 2056 1027 Bardis
2091 964 2447 1041 Gallorum,
2483 966 2584 1028 vel
2625 966 2931 1029 caerimo-

590 1070 733 1133 niae
771 1093 809 1132 a
838 1070 1124 1146 Druidis‚
1161 1071 1560 1133 celebrantur
1591 1069 1916 1153 religionis
1946 1069 2327 1133 christianae
2354 1072 2656 1154 mysteria
2685 1072 2789 1134 vel
2818 1071 2931 1134 he-

591 1197 772 1237 roum
812 1175 1336 1252 christianorum,
1384 1198 1541 1258 quos
1586 1187 1894 1258 martyres
1936 1173 2232 1238 dicebant
2252 1224 2269 1251 ,
2319 1176 2625 1239 fortitudo
2668 1176 2934 1259 hymnis

590 1281 728 1363 ejus
758 1280 994 1344 formae
1027 1280 1405 1344 assonantis.

762 1389 925 1450 Tam
953 1387 1338 1469 hymnorum
1368 1386 1567 1449 forma
1600 1407 1905 1449 assonans
1935 1408 2128 1468 quam
2155 1386 2426 1450 aliorum
2456 1386 2818 1450 carminum
2842 1388 2933 1449 la-

591 1494 871 1557 tinorum
908 1492 1057 1554 inde
1089 1514 1127 1554 a
1156 1491 1547 1574 temporibus
1580 1486 1852 1553 labantis
1881 1491 2134 1574 imperii
2163 1491 2463 1568 Romani,
2499 1492 2632 1556 sive
2661 1493 2732 1555 in
2766 1503 2936 1555 terra

590 1599 959 1663 continente
990 1599 1282 1680 Europae
1316 1595 1449 1658 sive
1480 1596 1547 1659 in
1580 1596 1898 1659 Hibernia
1927 1607 2082 1660 sunt
2110 1598 2481 1681 composita,
2516 1600 2936 1681 proponenda

590 1717 686 1769 est
717 1704 935 1788 igitur,
970 1714 1314 1785 antequam
1342 1702 1492 1765 licet
1520 1702 1814 1785 progredi
1844 1704 1925 1766 ad
1953 1703 2278 1767 hibernica
2309 1704 2612 1768 carmina.

1281 1951 1337 2003 1.
1402 1944 1457 2003 A
1479 1940 1903 2006 ssonantia
1946 1941 2236 2005 latina.

765 2115 833 2177 S.
870 2109 1266 2186 AmbrosiuS,
1305 2110 1639 2193 episcopus
1671 2109 2194 2188 MediolanensiS,
2231 2111 2302 2174 in
2348 2110 2565 2175 Gallia
2608 2122 2807 2176 natus
2843 2115 2929 2193 (a.

595 2227 740 2296 333,
777 2219 935 2282 obiit
978 2241 1037 2280 a.
1077 2219 1252 2298 397),
1290 2216 1501 2278 cultus
1545 2214 1749 2278 divini
1788 2216 2031 2298 publici
2074 2216 2358 2300 hymnis,
2394 2218 2771 2301 antiphonis
2806 2230 2931 2282 etc.

591 2324 949 2389 celebrandi
992 2322 1235 2406 primus
1280 2332 1499 2384 auctor
1527 2320 1690 2397 fuit,
1712 2320 1878 2384 sicut
1907 2320 2044 2403 ejus
2074 2321 2360 2385 notarius
2391 2321 2710 2387 Paulinus
2740 2324 2938 2387 refert

591 2434 672 2496 ad
719 2432 786 2494 S.
835 2427 1275 2511 Augustinum
1322 2427 1653 2509 (Append.
1703 2427 1783 2488 ad
1834 2448 1982 2509 opp.
2033 2427 2102 2489 S.
2157 2427 2452 2489 AmbroS.
2500 2428 2601 2490 ed.
2650 2431 2932 2505 Bened.,

592 2536 797 2601 PariS.
841 2541 1027 2610 1690,
1063 2554 1128 2615 p.
1167 2533 1321 2613 IV):
1366 2526 1490 2594 “eo
1518 2530 1840 2601 Ambrosii
1885 2542 2165 2614 tempore
2204 2530 2482 2614 primum
2511 2533 2929 2617 antiphonae,

591 2642 816 2727 hymni
870 2663 941 2704 ac
986 2638 1241 2721 vigiliae
1281 2637 1350 2699 in
1396 2638 1661 2701 ecclesia
1704 2637 2170 2701 Mediolanensi
2214 2638 2514 2701 celebrari
2557 2651 2931 2723 coeperunt,

594 2749 776 2832 cujus
821 2742 1201 2809 celebritatis
1236 2743 1487 2806 devotio
1516 2764 1720 2824 usque
1750 2742 1819 2803 in
1849 2741 2230 2806 hodiernum
2258 2744 2428 2808 diem
2457 2766 2590 2807 non
2621 2746 2834 2808 solum
2865 2747 2935 2807 in

593 2856 813 2918 eadem
829 2848 1112 2925 ecclesia,
1135 2861 1354 2911 verum
1370 2870 1481 2930 per
1497 2870 1718 2910 omnes
1733 2869 1895 2930 pene
1911 2848 2253 2912 occidentis
2267 2848 2627 2933 provincias
2644 2843 2933 2915 manet.''

764 2954 1015 3040 Hymni
1069 2954 1138 3017 S.
1196 2953 1517 3016 Ambrosii
1575 2963 1939 3017 tetrametro
1993 2953 2265 3017 iambico
2279 2953 2312 2987 ¹*
2363 2954 2701 3037 compositi
2752 2967 2929 3036 sunt,

934 3111 1011 3118 --—

595 3116 759 3124 -———

732 3197 757 3223 *³
794 3195 879 3248 De
914 3199 1087 3245 metro
1121 3197 1332 3261 praeter
1367 3196 1693 3244 structuram
1729 3196 2071 3244 assonantem
2094 3188 2341 3243 adhibito
2365 3188 2424 3242 in
2447 3189 2515 3242 iis
2538 3189 2759 3260 hymnis
2784 3189 2927 3243 Beda

597 3281 842 3351 disputat
874 3279 933 3331 in
963 3277 1149 3330 libello
1189 3277 1256 3329 de
1289 3282 1404 3328 arte
1428 3276 1650 3328 metrica
1678 3275 1786 3345 (ed.
1815 3274 1981 3327 Basil.
2016 3277 2062 3338 1,
2092 3274 2210 3344 56)=
2233 3271 2512 3332 “Metrum
2537 3274 2830 3328 iambicum
2852 3282 2926 3327 te-

596 3373 913 3420 trametrum
950 3362 1143 3432 recipit
1176 3362 1414 3414 iambum
1438 3360 1571 3414 locis
1598 3360 1866 3422 omnibuS,
1894 3358 2195 3428 spondeum
2218 3366 2431 3412 tantum
2455 3358 2588 3412 locis
2613 3359 2920 3429 imparibus,

598 3469 704 3521 quo
731 3449 960 3521 scriptus
985 3454 1068 3501 est
1093 3447 1324 3517 hymnus
1352 3445 1592 3500 sedulii=
1628 3447 1678 3498 A
1705 3444 1833 3496 solis
1860 3450 1981 3495 ortu
2003 3443 2220 3496 cardine
2241 3451 2344 3497 etc.
2383 3445 2491 3499 Sed
2516 3454 2571 3500 et
2585 3446 2925 3501 Ambrosiani

598 3553 662 3589 eo
697 3534 930 3587 maxime
965 3537 1206 3595 currunt,
1239 3569 1252 3582 .
1286 3569 1299 3582 .
1328 3529 1384 3582 in
1420 3529 1616 3600 quibus
1651 3526 2012 3600 pulcherrimo
2051 3535 2134 3581 est
2168 3529 2360 3582 decore
2383 3532 2718 3601 compositus
2759 3533 2925 3602 hym-

596 3638 632 3672 n
651 3637 727 3672 us
776 3619 1144 3672 beatorum
1190 3621 1601 3684 martyrum,
1632 3615 1786 3685 cujus
1822 3614 1942 3667 loca
1979 3613 2204 3683 Mparia
2226 3615 2517 3685 spondeus,
2546 3617 2760 3671 iambus
2783 3622 2926 3669 tenet

595 3703 763 3774 paria.
814 3701 1033 3772 Recipit
1069 3702 1171 3754 hoc
1209 3706 1438 3752 metrum
1476 3698 1781 3769 aliquoties,
1822 3705 1887 3752 ut
1920 3698 2107 3752 scribit
2140 3700 2364 3753 Mallius
2399 3702 2740 3766 Theodorus,
2771 3701 2924 3755 etiam

597 3783 962 3857 tribrachyn.'’
1013 3784 1343 3838 Assonantia
1376 3783 1623 3835 adhibita
1648 3784 1813 3852 juxta
1834 3784 2064 3837 latinum
2089 3792 2321 3837 metrum
2345 3791 2456 3837 tam
2480 3786 2747 3856 incipiens
2772 3800 2923 3854 quam

597 3873 922 3944 syllabarum
971 3868 1214 3924 finalium
1232 3908 1244 3932 ,
1285 3868 1558 3921 interdum
1606 3868 1768 3921 etiam
1803 3869 2129 3933 mediarum,
2169 3887 2280 3922 non
2315 3871 2493 3924 aliena
2526 3878 2611 3925 est
2656 3887 2691 3923 a
2726 3867 2924 3941 gallicis

599 3958 840 4029 ejusdem
865 3956 1055 4009 aetatis
1080 3954 1274 4024 poetiS,
1304 3971 1352 4006 e.
1381 3970 1462 4023 gr.
1491 3952 1756 4018 Ausoni0‚
1786 3953 1843 4005 in
1869 3954 2040 4024 epigr.
2076 3957 2092 4005 1
2120 3974 2133 4007 ε

926 4040 1146 4094 Phoebe
1176 4044 1184 4109 Ι
1214 4046 1408 4109 potens
1432 4037 1693 4102 numeris,-
1720 4045 1730 4105 1
1760 4055 1968 4107 praeses
1991 4038 2234 4092 Tritonia
2256 4040 2432 4106 bellas,

927 4127 1009 4180 Tu
1036 4141 1250 4196 quoque
1275 4123 1342 4180 ab
1367 4122 1512 4176 a'erio
1543 4125 1551 4191 Ι
1583 4139 1803 4192 praepes
1825 4122 2065 4176 Victoria
2087 4123 2263 4193 lapsu,

931 4195 1095 4266 Gome
1120 4216 1418 4264 serenatam
1448 4211 1456 4272 Ι
1489 4208 1693 4278 duplici
1725 4211 1733 4277 1
1764 4208 2061 4262 diademate
2086 4210 2313 4263 frontem

932 4299 1086 4351 Serta
1109 4296 1298 4358 ferens,
1330 4311 1466 4363 quae
1498 4294 1505 4361 Ι
1538 4293 1682 4346 dona
1705 4300 1883 4363 togae,
1915 4313 2052 4364 quae
2081 4294 2092 4364 Ι
2120 4295 2358 4365 praemia
2387 4299 2396 4361 Ι
2425 4312 2664 4365 pugnae.

971 4380 1226 4434 Bellandi
1246 4377 1502 4447 fandique
1534 4382 1542 4441 Ι
1573 4384 1761 4447 potens
1784 4379 2085 4449 AugustuS,
2115 4381 2376 4432 honorem

974 4468 1066 4523 Bis
1092 4475 1279 4520 meret.
