3150 5242
615 369 985 413 APPENfflx.
1051 370 1382 413 srsscmms
1414 370 1668 415 comcls
1703 370 2060 414 nummum
2092 372 2194 413 cu.
2425 352 2588 413 1075

245 535 778 585 commemorasse·
815 531 879 583 et
917 519 1206 583 docuisse
1247 519 1545 584 sufficiat.
1604 521 1776 585 Nam
1806 520 2087 604 cognita,
2122 531 2317 603 quota
2347 515 2472 584 sit3
2516 520 2586 583 in

244 627 565 692 Calendas
604 626 783 703 luna,
820 625 1005 689 facile
1049 625 1264 703 etiam,
1295 625 1518 690 ceteris
1562 625 1871 711 cujusque
1914 627 2151 690 mensis
2193 627 2415 690 diebus
2462 649 2589 710 qua

243 733 333 797 sit
360 743 592 809 aetate,
621 742 877 795 cantato
907 730 1047 815 ipso
1076 753 1294 796 mense
1324 744 1390 796 et
1410 733 1933 797 concurrentibus
1959 732 2176 816 digitis
2200 733 2587 817 apparebit*

243 838 416 902 Sunt
447 848 665 902 autem
694 836 851 901 anni
882 848 1005 901 tres
1036 836 1301 901 circuli⁵
1341 838 1891 915 decennovenaliS,
1928 838 1998 901 in
2028 839 2260 922 quibus
2292 839 2460 903 idem
2490 864 2585 905 ar-

237 954 627 1028 gumentum
671 943 1084 1008 stabilitatem
1130 944 1233 1007 sui
1278 944 1513 1009 tenoris
1548 967 1918 1009 conservare
1947 942 2281 1029 nequeat,⁰
2324 959 2584 1011 octavus

237 1049 563 1126 videlicet,
600 1049 1000 1128 undecimus,
1035 1060 1100 1113 et
1127 1072 1339 1114 nonus
1369 1051 1676 1130 decimus,
1711 1051 1813 1115 cui
1844 1073 2104 1116 causam
2133 1051 2446 1116 nutandi⁷
2481 1077 2584 1119 va-

238 1157 337 1220 ria
377 1156 535 1221 facit
579 1178 651 1220 ac
694 1156 979 1240 dispersa
1017 1179 1130 1240 per
1174 1179 1419 1220 annum
1460 1157 1981 1223 embolismorum
2019 1158 2304 1222 insertio,
2372 1159 2583 1244 Siqui-

237 1266 389 1327 dem
433 1285 605 1327 anno
637 1273 860 1327 octavo
889 1262 1050 1326 luna
1078 1262 1507 1327 Calendarum
1537 1263 1860 1347 Majarum
1881 1265 2074 1348 juxta
2105 1265 2415 1330 rationem
2445 1268 2583 1352 qui-

236 1372 388 1434 dem
431 1369 795 1453 argumenti
837 1370 1156 1432 XXVIII
1203 1379 1633 1452 computatur,
1670 1371 1781 1432 sed
1824 1382 2085 1456 propter>
2109 1373 2575 1451 embolismum,

235 1476 350 1561 qui
395 1477 465 1539 in
498 1475 734 1539 Martio
773 1497 993 1538 mense
1037 1474 1360 1551 inseritur,
1397 1475 1677 1539 XXVII
1723 1478 2028 1557 probatur
2057 1477 2348 1541 existere.
2415 1481 2581 1544 Item

232 1583 305 1646 in
349 1583 668 1646 Calendas
712 1582 755 1643 J
758 1581 921 1644 ulias
971 1580 1162 1664 juxta
1207 1591 1659 1664 argumentum
1702 1583 1916 1644 XXX
1969 1583 2106 1646 fieri
2144 1585 2357 1667 potuit
2398 1586 2576 1663 luna,

231 1691 349 1754 sed
382 1699 642 1773 propter
670 1687 1092 1772 adjectionem
1122 1686 1271 1763 diei,
1308 1707 1497 1769 quem
1528 1687 1935 1770 superfluitas
1965 1690 2321 1753 embolismi
2349 1693 2580 1755 attule-

230 1805 357 1872 rat,
396 1795 473 1856 fit
515 1794 790 1856 XXIX.
856 1795 1025 1856 Item
1068 1814 1239 1856 anno
1270 1793 1376 1854 XI
1423 1791 1574 1874 quia
1613 1793 1769 1856 luna
1813 1794 2167 1858 embolismi
2211 1797 2414 1881 pridie
2446 1799 2577 1861 No-

230 1923 354 1964 nas
387 1900 768 1963 Decembres
805 1899 1193 1976 accenditur,
1231 1898 1381 1961 facit
1413 1899 1635 1961 lunam
1665 1899 1733 1962 in
1764 1900 2079 1964 Calendas
2111 1902 2376 1966 Martias
2408 1903 2576 1987 vige-

230 2007 464 2071 simam
512 2028 647 2069 esse
689 2020 753 2070 et
795 2017 1104 2082 octavam,
1139 2027 1286 2068 cum
1331 2005 1495 2067 hanc
1541 2005 1703 2068 ratio
1747 2007 2108 2090 argumenti
2140 2009 2390 2072 XXIX
2422 2021 2577 2073 tunc

229 2112 509 2176 existere
552 2112 797 2175 doceat.
864 2112 1034 2175 Item
1070 2134 1239 2174 anno
1271 2106 1595 2174 XV11118
1638 2111 1787 2194 quia
1815 2113 1973 2176 luna
2002 2114 2358 2177 embolismi
2391 2115 2577 2180 tertio

227 2218 338 2283 die
373 2219 714 2283 Nonarum
744 2217 1124 2282 Martiarum
1161 2216 1413 2301 incipit,
1450 2217 1622 2301 cogit
1661 2218 1884 2282 lunam
1922 2217 1992 2280 in
2022 2220 2336 2284 Calendas
2369 2221 2576 2305 Majas

228 2325 556 2388 XXVIII
583 2325 960 2408 computari,
990 2346 1139 2387 cum
1161 2325 1517 2388 XXVIIII
1542 2325 1896 2387 secundum
1920 2325 2280 2408 argumenti
2303 2326 2574 2389 calcula-

227 2431 478 2496 tionem
519 2428 841 2508 canatur,⁹
883 2452 1007 2514 quo
1051 2429 1246 2494 etiam
1289 2451 1459 2494 anno
1503 2430 1749 2493 ratione
1792 2431 1993 2494 saltus
2034 2430 2301 2508 lunaris,
2338 2433 2416 2494 de
2448 2455 2574 2515 quo

225 2538 301 2601 in
345 2537 761 2620 sequentibus
804 2536 1110 2613 dicemuS,
1148 2538 1339 2599 fidem
1370 2535 1654 2619 ejusdem
1684 2536 2046 2620 argumenti
2075 2536 2435 2620 impugnat.
2504 2539 2573 2602 Si
2633 2519 2656 2535 ⁶

225 2644 407 2709 enim
459 2644 672 2728 ipsum
724 2655 1177 2726 argumentum
1220 2643 1410 2726 juxta
1449 2643 1798 2727 Aegyptios
1844 2667 1883 2707 a
1928 2643 2288 2727 Septembri
2328 2667 2569 2723 mense,
2646 2651 2657 2656 ’

225 2752 342 2815 ubi
386 2749 777 2834 principium
818 2760 916 2812 est
954 2748 1110 2813 anni
1140 2771 1382 2826 eorum,
1419 2748 1851 2827 inchoaveris,
1876 2772 2132 2813 necesse
2163 2760 2281 2826 est,
2314 2761 2393 2813 ut
2416 2750 2574 2814 luna

224 2858 271 2920 J
274 2856 394 2919 ulii
424 2854 662 2919 mensis
691 2878 766 2919 eo
796 2878 968 2919 anno
986 2851 1038 2889 ¹⁰
1070 2856 1321 2918 XXIX
1350 2854 1485 2918 dies
1517 2866 1593 2920 ut
1622 2878 1956 2939 nunquam
1979 2856 2133 2920 alias
2159 2856 2411 2934 habeat,
2441 2879 2572 2921 uno

224 2961 525 3025 videlicet
566 2960 813 3024 ratione
857 2962 1061 3025 saltus
1082 2958 1127 2994 ¹¹
1175 2960 1428 3038 amisso,
1466 2972 1530 3025 et
1570 2964 1652 3025 ob
1695 2963 1759 3025 id
1788 2962 1945 3026 luna
1976 2963 2407 3026 Calendarum
2437 2965 2569 3026 Au-

219 3079 564 3153 gustarum
605 3066 791 3131 tertia
820 3068 1141 3144 reddatur,
1179 3089 1342 3150 quae
1362 3067 1553 3151 juxta
1584 3067 1945 3151 argumenti
1975 3068 2261 3151 regulam
2292 3071 2571 3132 secunda

222 3175 739 3257 computabatur.
792 3172 864 3236 Si
897 3195 1041 3236 vero
1063 3170 1253 3256 juxta
1284 3172 1404 3235 hoc
1435 3174 1608 3256 quod
1635 3194 1752 3235 nos
1784 3194 1978 3257 supra
2006 3173 2362 3251 docuimus,
2399 3197 2438 3237 a
2457 3176 2499 3236 J
2502 3197 2566 3238 a·

221 3279 453 3350 nuatio
483 3276 873 3363 principium
903 3278 1265 3361 argumenti
1295 3300 1543 3342 sumere
1573 3277 1800 3354 mavis,
1830 3280 2050 3341 eodem
2074 3279 2293 3342 ordine
2317 3280 2474 3343 luna
2496 3279 2567 3343 in

220 3387 540 3451 Calendas
573 3386 952 3449 Decembres
984 3385 1120 3449 VII
1166 3384 1455 3462 incurrit,
1498 3406 1664 3469 quae
1686 3384 1878 3468 juxta
1906 3398 2360 3468 argumentum
2388 3398 2569 3450 sexta

219 3491 361 3555 fieri
405 3490 699 3554 debuisse
742 3492 1111 3573 putabatur,
1161 3491 1310 3574 quia
1352 3491 1659 3554 nimirum
1703 3490 1861 3554 luna
1903 3490 2286 3555 Novembris
2329 3492 2565 3556 mensis

219 3619 423 3661 unam
465 3579 707 3660 amittit
749 3596 938 3674 diem,
976 3609 1041 3660 et
1082 3620 1197 3681 pro
1227 3597 1440 3662 XXX
1470 3596 1793 3661 consuetis
1824 3597 2073 3661 XXIX
2104 3598 2314 3661 solum
2341 3597 2564 3661 diebus

221 3703 475 3789 cogitur
518 3725 655 3766 esse
697 3714 1017 3767 contenta.
1086 3704 1268 3771 Quae
1311 3703 1594 3787 profecto
1640 3702 1857 3768 omnia
1885 3703 2115 3768 melius
2146 3705 2563 3788 colloquendo

220 3832 417 3894 quam
461 3808 791 3873 scribendo
837 3811 1164 3872 docentur.
1231 3811 1382 3874 Non
1431 3820 1646 3873 autem
1678 3810 2036 3874 transitorie
2067 3833 2562 3875 commemoran-

361 4053 391 4102 3
427 4048 515 4104 eid
548 4051 637 4101 des
671 4048 984 4119 dv‘scm'qedar
1120 4054 1150 4102 4
1190 4049 1269 4121 (in
1305 4050 1501 4121 marg.)
1534 4067 1591 4103 .1.
1630 4049 1813 4102 ambas
1848 4056 1956 4104 cete
1983 4067 2040 4103 .1.
2067 4052 2191 4104 aoht
2214 4051 2563 4104 acrobartlear

219 4137 371 4188 mmi.

359 4224 389 4272 5
432 4236 490 4272 .1.
522 4224 666 4272 teora
691 4219 1234 4290 bliadnifrithriaqla
1257 4238 1472 4274 namma
1497 4220 1699 4273 leissem
1789 4226 1822 4274 6
1860 4241 1918 4277 .1.
1944 4224 2073 4277 arni
2096 4223 2272 4277 tosceli
2290 4224 2565 4293 arqumint

217 4307 345 4359 aoht
367 4304 573 4359 bliadni
591 4305 732 4358 sldin
816 4310 845 4357 7
883 4306 1215 4376 utrnalliqthe
1297 4309 1327 4358 8
1367 4325 1424 4359 .1.
1439 4308 1676 4376 forcenn
1700 4308 1940 4363 nm'decdi
2015 4313 2046 4360 9
2082 4328 2314 4363 arcanar
2398 4313 2459 4363 10
2501 4327 2557 4362 .1.

216 4390 536 4445 isnoicktech
571 4393 634 4442 νέ
667 4390 807 4444 niuil
828 4392 882 4445 la
905 4408 1091 4460 aeqyp.
1121 4390 1513 4446 isinbliadinsin
1536 4392 1830 4448 hicuiretar
1851 4395 1958 4447 salt
2100 4398 2155 4445 11
2201 4413 2257 4448 .1.
2287 4394 2347 4447 1ιί
2371 4395 2556 4448 .ΙΙΙῙ.

216 4478 271 4530 k.
299 4496 407 4548 sep.
2234 4473 2237 4474 ⁷

2014 4573 2090 4627 68
2109 4568 2141 4601 ¹⁵
