3150 5242
572 348 592 405 1
618 344 737 405 132
1565 365 1907 409 ADDENDA.

737 516 812 576 Ρ.
854 521 999 590 776,
1035 515 1094 606 l..
1124 521 1180 577 1.
1247 514 1570 580 Videntur
1602 538 1737 579 esse
1768 516 2061 599 exempla
2090 538 2123 577 c
2152 535 2285 577 non
2315 513 2589 575 infectae
2620 512 2915 575 derivan-

565 620 644 682 tis
678 643 861 683 cnocc·
893 620 1171 704 (gibbus,
1207 621 1445 701 ulcus),
1479 623 1692 685 sebocc
1723 626 1968 706 (capuS,
1995 643 2063 704 p.
2099 623 2235 701 77).
2290 618 2415 682 Sed
2447 617 2803 701 quaeritur,
2833 641 2916 681 an

563 723 718 787 haec
758 748 890 788 non
935 726 1065 789 sint
1109 737 1498 789 transsumta
1520 776 1538 803 ,
1590 728 1645 790 si
1684 729 2108 791 ‘conferuntur
2151 726 2388 787 cambr.
2438 724 2591 786 hod.
2646 746 2909 808 cwan,

564 829 777 913 heboy,
828 844 1020 914 atque
1063 831 1255 896 etiam
1300 855 1499 916 germ.
1551 833 1776 910 knock,
1831 833 2005 915 angl.
2055 831 2270 916 hafoc,
2309 829 2520 905 hawk,
2555 852 2761 912 germ.
2800 830 2914 894 Ῐια-

549 934 712 1016 pult.
756 936 1100 1002 Quaeritur
1121 938 1298 1013 item,
1322 939 1504 1022 cujus
1528 939 1816 1022 originiS,
1843 949 2063 1001 utrum
2087 937 2373 1020 ejusdem
2392 936 2810 999 derivationis
2827 959 2911 998 an

558 1043 639 1103 ad
666 1065 804 1105 -acc
825 1074 912 1095 =
933 1066 1081 1107 -anc
1104 1043 1464 1107 referendae
1490 1044 1621 1106 sint
1644 1044 2188 1107 substantivorum
2210 1042 2669 1105 femininorum
2695 1041 2909 1104 termi-

558 1148 851 1211 nationes
877 1170 1002 1232 -oq,
1033 1171 1192 1232 -eoq,
1224 1154 1348 1232 -ὀρ,
1378 1154 1513 1233 -εόρ
1536 1149 1903 1212 recentioris
1928 1148 2189 1231 linguae
2213 1148 2600 1222 hibernicae,
2623 1169 2793 1230 quae
2817 1147 2910 1209 di-

557 1266 794 1316 cuntur
837 1246 1267 1317 deminutivae
1299 1253 1660 1335 (O’Donov.
1697 1277 1762 1338 p.
1802 1259 1976 1337 333),
2013 1257 2123 1317 sed
2166 1253 2678 1337 frequentissime
2710 1253 2909 1335 demi-

558 1360 844 1423 nutionis
893 1359 1358 1442 significatione
1400 1360 1662 1423 omnino
1708 1372 1996 1444 expertes
2045 1371 2222 1436 sunt,
2257 1371 2332 1423 ut
2377 1381 2612 1443 crupoq
2660 1362 2904 1441 (ruga),

559 1466 834 1550 dm'lleoq
867 1467 1090 1546 (fronS,
1128 1488 1165 1528 a
1197 1466 1417 1542 dume,
1452 1465 1731 1547 folium),
1761 1466 1998 1550 saileoq
2031 1466 2275 1547 (salix),
2308 1465 2599 1548 maideoq
2631 1465 2908 1545 (concha

559 1570 877 1652 Veneris),
913 1571 1200 1656 meilleoq
1232 1575 1525 1654 (cortex),
1562 1572 1847 1655 meilleo'q
1879 1572 2253 1654 (lupatum),
2291 1575 2544 1655 crumoq
2579 1570 2779 1650 (sium
2824 1570 2907 1632 si·

560 1675 820 1752 sarium,
857 1678 1102 1757 herba),
1138 1679 1370 1762 malto'q
1402 1676 1712 1758 (modesta
1756 1677 2046 1757 femina),
2082 1679 2358 1762 cruiteo'q
2390 1677 2660 1758 (femina
2690 1677 2910 1740 crotti-

555 1802 706 1844 zans
727 1830 745 1857 ,
796 1783 1227 1866 citharizans).
1308 1783 1571 1846 Gaelica
1626 1784 2051 1847 terminantur
2102 1784 2173 1846 in
2233 1806 2378 1867 -aq,
2426 1805 2606 1866 -ea9.·
2657 1804 2907 1865 crupay

556 1890 807 1969 (ruga),
869 1888 1151 1971 duilleaq
1205 1889 1472 1970 (frons),
1531 1889 1779 1973 saileaq
1831 1889 2085 1969 (salix),
2142 1889 2459 1971 maideaq,
2517 1888 2907 1971 mazyhdeaq

555 1994 824 2073 (coneha
854 1994 1175 2077 Veneris),
1211 1996 1501 2079 meilleay
1534 1999 1830 2076 (cortex),
1863 1995 2154 2078 meilleay
2187 1996 2534 2077 (lupatum,
2572 1993 2729 2055 item
2761 2016 2905 2056 mu-

550 2098 667 2160 lier
708 2099 996 2182 labiosa),
1036 2122 1296 2184 crumay
1330 2101 1577 2182 (sium),
1608 2100 1891 2184 cruiteaq
1923 2101 2189 2183 (femina
2219 2099 2654 2180 citharizans).
2704 2101 2904 2182 Apud

553 2202 718 2266 O’R.
769 2206 1003 2288 legitur
1047 2206 1196 2268 sem.
1247 2208 1481 2289 scaldy,
1528 2208 1736 2291 seoldq
1775 2196 2042 2287 (servuS,
2091 2207 2246 2269 item
2289 2205 2590 2279 colonus3
2645 2205 2727 2267 cf.
2765 2215 2896 2268 vet.

554 2309 878 2388 hanseala,
925 2334 991 2395 p.
1032 2316 1221 2394 820),
1269 2334 1429 2394 quae
1474 2335 1621 2389 vox,
1675 2325 1749 2375 ut
1795 2313 2068 2389 videtur,
2120 2314 2320 2388 adest,
2373 2313 2480 2374 sed
2526 2310 2667 2373 sine
2712 2309 2900 2393 signo

547 2416 1008 2497 productioniS,
1029 2418 1098 2480 in
1121 2419 1449 2482 notatione
1474 2420 1796 2501 scriptoris
1820 2419 2051 2482 codicis
2070 2417 2348 2480 Mariani
2371 2417 2546 2480 Scoti
2570 2416 2808 2481 inclusi
2825 2416 2898 2478 in

549 2521 717 2603 plur.
746 2524 988 2587 sooloca
1022 2525 1129 2606 (cs.
1160 2526 1358 2608 praef.
1389 2547 1454 2607 p.
1484 2525 1826 2602 XXVIII,
1857 2535 1991 2588 not.
2018 2550 2036 2600 3
2072 2546 2196 2586 vox
2229 2523 2507 2607 brqflacc
2536 2517 2780 2586 ibidem
2802 2546 2900 2587 se-

549 2649 773 2709 quenS,
823 2630 1085 2695 aliunde
1127 2631 1475 2714 incognita,
1525 2631 2004 2706 contumeliam,
2055 2630 2354 2713 injuriam
2396 2630 2759 2712 significare
2804 2630 2897 2692 vi-

548 2733 754 2808 detur,
792 2757 937 2797 cum
978 2760 1128 2800 mox
1170 2737 1436 2820 scriptor
1478 2737 1679 2800 latine
1725 2758 1994 2819 pergens
2040 2736 2492 2799 contumeliam
2523 2747 2743 2798 narret
2772 2736 2897 2798 sibi

548 2837 814 2917 illatam,
862 2852 926 2904 et
969 2864 1104 2905 esse
1147 2844 1437 2918 formata,
1475 2853 1548 2905 ut
1593 2842 1879 2905 hodiem.
1918 2842 2167 2905 hibern.
2205 2841 2577 2924 bruitkleoq,
2616 2845 2891 2923 rumor).

548 2946 791 3007 Contra
836 2950 1008 3028 apud
1039 2948 1204 3011 O’R.
1223 2949 1545 3033 fuinneoq
1579 2950 1933 3029 (fenestra),
1972 2951 2082 3011 sed
2126 2970 2274 3011 cum
2311 2947 2494 3030 signo
2525 2947 2895 3029 productio-

546 3049 646 3111 nis
673 3051 742 3112 in
763 3052 1042 3117 Deirdri
1062 3056 1161 3116 ed.
1193 3054 1459 3117 O’Flan.
1488 3078 1552 3138 p.
1588 3061 1692 3117 80.
1725 3062 1837 3117 84:
1878 3053 2080 3117 doirsi
2098 3053 2622 3138 acasfuinneo'qa
2649 3056 2895 3136 (portas

545 3167 608 3217 et
637 3156 965 3235 fenestraS,
998 3160 1340 3241 claudere),
1370 3182 1435 3243 p.
1469 3167 1585 3222 86:
1625 3162 1750 3224 tre's
1782 3184 1867 3224 an
1881 3159 2273 3245 ffuinneo'i9‚
2305 3161 2429 3222 tre's
2460 3180 2547 3221 an
2560 3158 2894 3244 ffm'neo'iq

546 3269 685 3343 (per
709 3263 1103 3347 fenestram).
1147 3267 1434 3329 Obscura
1458 3266 1612 3329 item
1636 3277 1733 3329 est
1757 3267 1933 3350 origo
1959 3264 2422 3328 terminationis
2446 3263 2600 3349 hod.
2632 3264 2887 3329 hibern.

542 3369 706 3450 gael.
762 3369 876 3453 -iq,
924 3395 1022 3454 -9,
1074 3374 1310 3435 cambr.
1359 3394 1493 3455 -eq,
1544 3373 1999 3436 femininorum
2043 3369 2548 3455 significantium
2590 3371 2884 3454 linguas:

543 3473 792 3539 hibern.
823 3477 1201 3562 yaoidkiliy,
1232 3478 1563 3562 yaoidlzilq
1596 3479 1882 3562 (linguae
1918 3478 2261 3562 gaedelica,
2298 3476 2680 3557 hibernica),
2717 3478 2885 3560 guel.

536 3581 750 3665 yaeliq
797 3583 1047 3665 (lingua
1091 3585 1386 3667 gaelica),
1435 3586 1672 3647 cambr.
1711 3585 1861 3646 hod.
1899 3606 2190 3669 cymraey
2223 3584 2473 3666 (lingua
2514 3583 2885 3664 cambrica),

525 3686 839 3772 ffranyey
880 3689 1131 3770 (lingua
1172 3689 1498 3771 francica).
1565 3690 2001 3754 Masculinum
2044 3700 2304 3753 notatur
2347 3711 2504 3752 arm.
2526 3689 2883 3764 ‘brezonek,

541 3794 889 3858 brezounek
913 3795 1165 3880 (lingua
1195 3795 1527 3872 britonica,
1557 3796 1916 3877 armorica).
1970 3795 2334 3870 Quaeritur,
2365 3817 2523 3858 num
2556 3795 2662 3856 hic
2687 3796 2887 3859 forma

539 3902 861 3964 romanica
905 3901 991 3964 -io
1032 3902 1475 3984 praevaluerit,
1502 3924 1672 3989 cum
1712 3903 1886 3984 apud
1917 3901 2257 3964 Giraldum
2288 3901 2745 3964 Cambrensem
2785 3924 2885 3964 oc-

540 4018 751 4070 currat
782 4008 991 4070 adhuc
1014 4008 1352 4091 yaz'delaeh
1383 4008 1634 4090 (lingua
1662 4007 2036 4090 gaedelica).

711 4114 787 4176 P.
829 4120 974 4189 807,
1012 4113 1056 4175 l.
1097 4120 1199 4175 32.
1259 4115 1425 4176 Item
1457 4136 1536 4176 ex
1568 4113 1894 4196 adjectivis
1927 4114 2217 4176 derivans
2251 4113 2401 4175 -eit.·
2436 4112 2887 4197 didramwyeit

540 4219 970 4302 (infrequens3
1032 4221 1159 4304 adj.
1226 4220 1613 4305 didramwy)
1661 4221 1835 4284 Mab.
1883 4227 1952 4295 1,
2007 4227 2151 4282 236.
2225 4218 2617 4303 ymendiqeit
2661 4221 2882 4299 (male-

537 4324 782 4400 dictus;
834 4328 960 4410 adj.
996 4326 1341 4412 ymendic?
1386 4325 1468 4389 cf.
1507 4327 1709 4388 subst.
1748 4325 2082 4410 emendyth
2125 4325 2193 4388 in
2235 4326 2431 4409 praef.
2472 4327 2666 4408 Leg.)
2702 4328 2877 4390 Mab.

541 4433 602 4503 2,
641 4434 786 4492 219.
826 4436 971 4494 220.
