<?xml version="1.0" encoding="UTF-8"?>
<!DOCTYPE html PUBLIC "-//W3C//DTD XHTML 1.0 Transitional//EN"
    "http://www.w3.org/TR/xhtml1/DTD/xhtml1-transitional.dtd">
<html xmlns="http://www.w3.org/1999/xhtml" xml:lang="en" lang="en">
 <head>
  <title>
</title>
<meta http-equiv="Content-Type" content="text/html;charset=utf-8" />
  <meta name='ocr-system' content='tesseract 3.04.00' />
  <meta name='ocr-capabilities' content='ocr_page ocr_carea ocr_par ocr_line ocrx_word'/>
</head>
<body>
  <div class='ocr_page' id='page_1' title='image "./grammaticacelti04zeusgoog_0024.png"; bbox 0 0 3150 5242; ppageno 0'>
   <div class='ocr_carea' id='block_1_1' title="bbox 528 425 2228 491">
    <p class='ocr_par' dir='ltr' id='par_1_1' title="bbox 528 425 2228 491">
     <span class='ocr_line' id='line_1_1' title="bbox 528 425 2228 491; baseline 0.003 -6"><span class='ocrx_word' id='word_1_1' title='bbox 528 425 649 485; x_wconf 81' lang='lat'>574</span> <span class='ocrx_word' id='word_1_2' title='bbox 1140 426 1261 489; x_wconf 92' lang='lat' dir='ltr'>IV.</span> <span class='ocrx_word' id='word_1_3' title='bbox 1304 433 1359 488; x_wconf 90' lang='lat'>1.</span> <span class='ocrx_word' id='word_1_4' title='bbox 1423 445 1764 489; x_wconf 76' lang='lat' dir='ltr'>AnvanA</span> <span class='ocrx_word' id='word_1_5' title='bbox 1799 447 2228 491; x_wconf 79' lang='lat' dir='ltr'><strong>BRITANNICA.</strong></span> 
     </span>
    </p>
   </div>
   <div class='ocr_carea' id='block_1_2' title="bbox 523 592 2853 775">
    <p class='ocr_par' dir='ltr' id='par_1_2' title="bbox 523 592 2853 775">
     <span class='ocr_line' id='line_1_2' title="bbox 523 592 2853 678; baseline 0.002 -24"><span class='ocrx_word' id='word_1_6' title='bbox 523 594 594 654; x_wconf 85' lang='lat' dir='ltr'>in</span> <span class='ocrx_word' id='word_1_7' title='bbox 638 592 939 676; x_wconf 88' lang='lat' dir='ltr'>loquendi</span> <span class='ocrx_word' id='word_1_8' title='bbox 979 594 1283 657; x_wconf 86' lang='lat' dir='ltr'>formula:</span> <span class='ocrx_word' id='word_1_9' title='bbox 1332 596 1465 677; x_wconf 79' lang='lat' dir='ltr'>pob</span> <span class='ocrx_word' id='word_1_10' title='bbox 1508 595 1754 659; x_wconf 77' lang='lat' dir='ltr'>eilwers</span> <span class='ocrx_word' id='word_1_11' title='bbox 1802 599 1999 678; x_wconf 89' lang='lat' dir='ltr'>(unus</span> <span class='ocrx_word' id='word_1_12' title='bbox 2042 607 2188 678; x_wconf 89' lang='lat' dir='ltr'>post</span> <span class='ocrx_word' id='word_1_13' title='bbox 2227 597 2526 678; x_wconf 83' lang='lat' dir='ltr'>alterum)</span> <span class='ocrx_word' id='word_1_14' title='bbox 2574 600 2751 661; x_wconf 88' lang='lat' dir='ltr'>Mab.</span> <span class='ocrx_word' id='word_1_15' title='bbox 2793 604 2853 675; x_wconf 85' lang='lat'>2,</span> 
     </span>
     <span class='ocr_line' id='line_1_3' title="bbox 531 705 1059 775; baseline 0.006 -17"><span class='ocrx_word' id='word_1_16' title='bbox 531 705 631 761; x_wconf 89' lang='lat'>17.</span> <span class='ocrx_word' id='word_1_17' title='bbox 672 706 774 762; x_wconf 83' lang='lat'>39.</span> <span class='ocrx_word' id='word_1_18' title='bbox 815 706 874 775; x_wconf 88' lang='lat'>3,</span> <span class='ocrx_word' id='word_1_19' title='bbox 913 705 1059 761; x_wconf 84' lang='lat'><strong>266.</strong></span> 
     </span>
    </p>
   </div>
   <div class='ocr_carea' id='block_1_3' title="bbox 506 825 2851 1226">
    <p class='ocr_par' dir='ltr' id='par_1_3' title="bbox 506 825 2851 1226">
     <span class='ocr_line' id='line_1_4' title="bbox 690 825 2851 909; baseline 0.001 -21"><span class='ocrx_word' id='word_1_20' title='bbox 690 825 1131 888; x_wconf 87' lang='lat' dir='ltr'>Cornicae:</span> <span class='ocrx_word' id='word_1_21' title='bbox 1196 826 1423 890; x_wconf 73' lang='lat' dir='ltr'>hetheu</span> <span class='ocrx_word' id='word_1_22' title='bbox 1467 827 1742 909; x_wconf 87' lang='lat' dir='ltr'>(hodie)</span> <span class='ocrx_word' id='word_1_23' title='bbox 1787 828 2026 890; x_wconf 84' lang='lat' dir='ltr'>Vocab.</span> <span class='ocrx_word' id='word_1_24' title='bbox 2077 826 2305 890; x_wconf 73' lang='lat' dir='ltr'>ketkou</span> <span class='ocrx_word' id='word_1_25' title='bbox 2351 830 2533 891; x_wconf 79' lang='lat' dir='ltr'>Pass‚</span> <span class='ocrx_word' id='word_1_26' title='bbox 2577 836 2732 905; x_wconf 87' lang='lat'><strong>157,</strong></span> <span class='ocrx_word' id='word_1_27' title='bbox 2790 837 2851 891; x_wconf 90' lang='grc'>4.</span> 
     </span>
     <span class='ocr_line' id='line_1_5' title="bbox 522 928 2849 1018; baseline 0.002 -27"><span class='ocrx_word' id='word_1_28' title='bbox 522 928 757 992; x_wconf 64' lang='lat' dir='ltr'>hanella</span> <span class='ocrx_word' id='word_1_29' title='bbox 789 930 934 1009; x_wconf 87' lang='lat' dir='ltr'>(hac</span> <span class='ocrx_word' id='word_1_30' title='bbox 964 935 1175 1012; x_wconf 87' lang='lat' dir='ltr'>nocte)</span> <span class='ocrx_word' id='word_1_31' title='bbox 1212 939 1314 1007; x_wconf 81' lang='grc'>44,</span> <span class='ocrx_word' id='word_1_32' title='bbox 1347 938 1407 993; x_wconf 82' lang='lat'>3.</span> <span class='ocrx_word' id='word_1_33' title='bbox 1451 937 1593 1008; x_wconf 87' lang='lat'><strong>123,</strong></span> <span class='ocrx_word' id='word_1_34' title='bbox 1626 940 1686 1008; x_wconf 92' lang='lat'>4,</span> <span class='ocrx_word' id='word_1_35' title='bbox 1723 954 1835 1014; x_wconf 88' lang='lat' dir='ltr'>per</span> <span class='ocrx_word' id='word_1_36' title='bbox 1863 932 2302 1014; x_wconf 88' lang='lat' dir='ltr'>pleonasmum</span> <span class='ocrx_word' id='word_1_37' title='bbox 2331 956 2418 1018; x_wconf 78' lang='lat' dir='ltr'>yn</span> <span class='ocrx_word' id='word_1_38' title='bbox 2449 956 2561 996; x_wconf 78' lang='lat' dir='ltr'>nos</span> <span class='ocrx_word' id='word_1_39' title='bbox 2592 933 2849 1010; x_wconf 66' lang='lat' dir='ltr'>hanella,</span> 
     </span>
     <span class='ocr_line' id='line_1_6' title="bbox 522 1032 2851 1121; baseline 0.002 -26"><span class='ocrx_word' id='word_1_40' title='bbox 522 1032 757 1097; x_wconf 65' lang='lat' dir='ltr'>lameth</span> <span class='ocrx_word' id='word_1_41' title='bbox 784 1058 872 1119; x_wconf 78' lang='lat' dir='ltr'>yn</span> <span class='ocrx_word' id='word_1_42' title='bbox 902 1058 1014 1098; x_wconf 76' lang='lat' dir='ltr'>nos</span> <span class='ocrx_word' id='word_1_43' title='bbox 1038 1044 1151 1112; x_wconf 89' lang='grc'>.49,</span> <span class='ocrx_word' id='word_1_44' title='bbox 1193 1042 1252 1098; x_wconf 89' lang='grc'>2.</span> <span class='ocrx_word' id='word_1_45' title='bbox 1293 1044 1395 1113; x_wconf 84' lang='grc'>63,</span> <span class='ocrx_word' id='word_1_46' title='bbox 1435 1042 1494 1098; x_wconf 89' lang='grc'>2.</span> <span class='ocrx_word' id='word_1_47' title='bbox 1535 1043 1682 1113; x_wconf 87' lang='grc'>239,</span> <span class='ocrx_word' id='word_1_48' title='bbox 1724 1033 2055 1114; x_wconf 72' lang='lat' dir='ltr'>3.&#39;Zeman,</span> <span class='ocrx_word' id='word_1_49' title='bbox 2095 1039 2300 1121; x_wconf 77' lang='lat' dir='ltr'>Zemyn</span> <span class='ocrx_word' id='word_1_50' title='bbox 2335 1037 2489 1117; x_wconf 87' lang='lat' dir='ltr'>(hic,</span> <span class='ocrx_word' id='word_1_51' title='bbox 2525 1041 2728 1120; x_wconf 84' lang='lat' dir='ltr'>nunc)</span> <span class='ocrx_word' id='word_1_52' title='bbox 2759 1039 2851 1120; x_wconf 88' lang='lat' dir='ltr'>fq.</span> 
     </span>
     <span class='ocr_line' id='line_1_7' title="bbox 506 1140 1989 1226; baseline 0.002 -25"><span class='ocrx_word' id='word_1_53' title='bbox 506 1140 728 1220; x_wconf 78' lang='lat' dir='ltr'>pubur</span> <span class='ocrx_word' id='word_1_54' title='bbox 759 1143 1065 1223; x_wconf 84' lang='lat' dir='ltr'>(semper3</span> <span class='ocrx_word' id='word_1_55' title='bbox 1101 1141 1145 1203; x_wconf 91' lang='grc'>1.</span> <span class='ocrx_word' id='word_1_56' title='bbox 1183 1164 1238 1204; x_wconf 91' lang='lat' dir='ltr'>e.</span> <span class='ocrx_word' id='word_1_57' title='bbox 1276 1142 1497 1226; x_wconf 86' lang='lat' dir='ltr'>quavis</span> <span class='ocrx_word' id='word_1_58' title='bbox 1527 1143 1709 1223; x_wconf 93' lang='lat' dir='ltr'>hora)</span> <span class='ocrx_word' id='word_1_59' title='bbox 1749 1149 1890 1217; x_wconf 88' lang='lat'><strong>171,</strong></span> <span class='ocrx_word' id='word_1_60' title='bbox 1934 1149 1989 1204; x_wconf 95' lang='grc'>1.</span> 
     </span>
    </p>
   </div>
   <div class='ocr_carea' id='block_1_4' title="bbox 516 1266 2852 1667">
    <p class='ocr_par' dir='ltr' id='par_1_4' title="bbox 516 1266 2852 1667">
     <span class='ocr_line' id='line_1_8' title="bbox 688 1266 2846 1349; baseline 0.001 -22"><span class='ocrx_word' id='word_1_61' title='bbox 688 1266 1179 1329; x_wconf 84' lang='lat' dir='ltr'>Armoricae:</span> <span class='ocrx_word' id='word_1_62' title='bbox 1243 1270 1433 1331; x_wconf 80' lang='lat' dir='ltr'>endez</span> <span class='ocrx_word' id='word_1_63' title='bbox 1488 1269 1741 1349; x_wconf 83' lang='lat' dir='ltr'>(hodie3</span> <span class='ocrx_word' id='word_1_64' title='bbox 1790 1302 1878 1321; x_wconf 86' lang='lat'><strong><em>=</em></strong></span> <span class='ocrx_word' id='word_1_65' title='bbox 1922 1267 2185 1349; x_wconf 74' lang='lat' dir='ltr'>hendez)</span> <span class='ocrx_word' id='word_1_66' title='bbox 2233 1269 2405 1330; x_wconf 84' lang='lat' dir='ltr'>Buh.</span> <span class='ocrx_word' id='word_1_67' title='bbox 2446 1275 2559 1344; x_wconf 87' lang='lat'>30,</span> <span class='ocrx_word' id='word_1_68' title='bbox 2601 1275 2701 1331; x_wconf 89' lang='lat'>11.</span> <span class='ocrx_word' id='word_1_69' title='bbox 2742 1275 2846 1344; x_wconf 85' lang='lat'>58,</span> 
     </span>
     <span class='ocr_line' id='line_1_9' title="bbox 524 1370 2852 1455; baseline 0.003 -26"><span class='ocrx_word' id='word_1_70' title='bbox 524 1376 625 1431; x_wconf 83' lang='lat'>14.</span> <span class='ocrx_word' id='word_1_71' title='bbox 661 1370 902 1455; x_wconf 70' lang='lat' dir='ltr'>kestene</span> <span class='ocrx_word' id='word_1_72' title='bbox 932 1373 1078 1453; x_wconf 88' lang='lat' dir='ltr'>(hoc</span> <span class='ocrx_word' id='word_1_73' title='bbox 1109 1376 1304 1451; x_wconf 91' lang='lat' dir='ltr'>anno)</span> <span class='ocrx_word' id='word_1_74' title='bbox 1338 1380 1478 1449; x_wconf 84' lang='lat'><strong>192,</strong></span> <span class='ocrx_word' id='word_1_75' title='bbox 1517 1381 1615 1436; x_wconf 89' lang='grc'>18.</span> <span class='ocrx_word' id='word_1_76' title='bbox 1654 1374 1931 1448; x_wconf 73' lang='lat' dir='ltr'>bremun,</span> <span class='ocrx_word' id='word_1_77' title='bbox 1969 1374 2267 1435; x_wconf 80' lang='lat' dir='ltr'>abreman</span> <span class='ocrx_word' id='word_1_78' title='bbox 2301 1376 2501 1455; x_wconf 87' lang='lat' dir='ltr'>(nunc</span> <span class='ocrx_word' id='word_1_79' title='bbox 2518 1399 2536 1449; x_wconf 83' lang='lat'><em>3</em></span> <span class='ocrx_word' id='word_1_80' title='bbox 2571 1406 2658 1426; x_wconf 85' lang='lat'>=</span> <span class='ocrx_word' id='word_1_81' title='bbox 2672 1382 2852 1455; x_wconf 76' lang='lat' dir='ltr'>pret-</span> 
     </span>
     <span class='ocr_line' id='line_1_10' title="bbox 516 1477 2851 1562; baseline 0.001 -24"><span class='ocrx_word' id='word_1_82' title='bbox 516 1497 689 1552; x_wconf 81' lang='lat' dir='ltr'>man,</span> <span class='ocrx_word' id='word_1_83' title='bbox 726 1500 809 1540; x_wconf 79' lang='lat' dir='ltr'>an</span> <span class='ocrx_word' id='word_1_84' title='bbox 826 1487 982 1558; x_wconf 79' lang='lat' dir='ltr'>pret</span> <span class='ocrx_word' id='word_1_85' title='bbox 1008 1500 1179 1553; x_wconf 80' lang='lat' dir='ltr'>man,</span> <span class='ocrx_word' id='word_1_86' title='bbox 1215 1477 1335 1540; x_wconf 91' lang='lat' dir='ltr'>hoc</span> <span class='ocrx_word' id='word_1_87' title='bbox 1366 1481 1674 1562; x_wconf 86' lang='lat' dir='ltr'>tempore)</span> <span class='ocrx_word' id='word_1_88' title='bbox 1707 1478 1794 1559; x_wconf 85' lang='lat' dir='ltr'>sq.</span> <span class='ocrx_word' id='word_1_89' title='bbox 1833 1479 2044 1559; x_wconf 80' lang='lat' dir='ltr'>bepret</span> <span class='ocrx_word' id='word_1_90' title='bbox 2072 1480 2346 1561; x_wconf 89' lang='lat' dir='ltr'>(semper</span> <span class='ocrx_word' id='word_1_91' title='bbox 2362 1504 2380 1554; x_wconf 84' lang='lat'>3</span> <span class='ocrx_word' id='word_1_92' title='bbox 2415 1511 2502 1530; x_wconf 89' lang='lat'>=</span> <span class='ocrx_word' id='word_1_93' title='bbox 2518 1501 2651 1561; x_wconf 79' lang='lat' dir='ltr'>pep</span> <span class='ocrx_word' id='word_1_94' title='bbox 2669 1488 2851 1560; x_wconf 79' lang='lat' dir='ltr'>pret)</span> 
     </span>
     <span class='ocr_line' id='line_1_11' title="bbox 516 1580 2405 1667; baseline 0.001 -24"><span class='ocrx_word' id='word_1_95' title='bbox 516 1580 603 1663; x_wconf 82' lang='lat' dir='ltr'>sq.</span> <span class='ocrx_word' id='word_1_96' title='bbox 667 1583 820 1644; x_wconf 90' lang='lat' dir='ltr'>Non</span> <span class='ocrx_word' id='word_1_97' title='bbox 850 1582 1265 1645; x_wconf 78' lang='lat' dir='ltr'>coalescentia</span> <span class='ocrx_word' id='word_1_98' title='bbox 1281 1607 1411 1665; x_wconf 81' lang='lat' dir='ltr'>pep</span> <span class='ocrx_word' id='word_1_99' title='bbox 1447 1594 1563 1660; x_wconf 79' lang='lat' dir='ltr'>tr0,</span> <span class='ocrx_word' id='word_1_100' title='bbox 1587 1607 1716 1666; x_wconf 78' lang='lat' dir='ltr'>pep</span> <span class='ocrx_word' id='word_1_101' title='bbox 1750 1593 1837 1659; x_wconf 81' lang='lat' dir='ltr'>tu,</span> <span class='ocrx_word' id='word_1_102' title='bbox 1863 1605 1991 1665; x_wconf 79' lang='lat' dir='ltr'>pep</span> <span class='ocrx_word' id='word_1_103' title='bbox 2026 1582 2160 1645; x_wconf 69' lang='lat' dir='ltr'>lech</span> <span class='ocrx_word' id='word_1_104' title='bbox 2192 1606 2405 1667; x_wconf 89' lang='lat' dir='ltr'>supra.</span> 
     </span>
    </p>
   </div>
   <div class='ocr_carea' id='block_1_5' title="bbox 689 1707 2847 1791">
    <p class='ocr_par' dir='ltr' id='par_1_5' title="bbox 689 1707 2847 1791">
     <span class='ocr_line' id='line_1_12' title="bbox 689 1707 2847 1791; baseline 0.002 -23"><span class='ocrx_word' id='word_1_105' title='bbox 689 1715 750 1769; x_wconf 92' lang='grc'>4.</span> <span class='ocrx_word' id='word_1_106' title='bbox 817 1707 1488 1789; x_wconf 85' lang='lat' dir='ltr'>Praepositiones</span> <span class='ocrx_word' id='word_1_107' title='bbox 1561 1709 2561 1791; x_wconf 74' lang='lat' dir='ltr'>adverbialiter*positae.</span> <span class='ocrx_word' id='word_1_108' title='bbox 2638 1711 2847 1773; x_wconf 85' lang='lat' dir='ltr'>Cam-</span> 
     </span>
    </p>
   </div>
   <div class='ocr_carea' id='block_1_6' title="bbox 514 1812 2850 2107">
    <p class='ocr_par' dir='ltr' id='par_1_6' title="bbox 514 1812 2850 2107">
     <span class='ocr_line' id='line_1_13' title="bbox 514 1812 2847 1899; baseline 0.001 -25"><span class='ocrx_word' id='word_1_109' title='bbox 514 1812 777 1875; x_wconf 86' lang='lat' dir='ltr'>bricae</span> <span class='ocrx_word' id='word_1_110' title='bbox 797 1860 815 1887; x_wconf 94' lang='lat'>‚</span> <span class='ocrx_word' id='word_1_111' title='bbox 865 1834 926 1873; x_wconf 86' lang='lat' dir='ltr'>a.</span> <span class='ocrx_word' id='word_1_112' title='bbox 963 1814 1202 1874; x_wconf 86' lang='lat' dir='ltr'>nudae:</span> <span class='ocrx_word' id='word_1_113' title='bbox 1242 1813 1398 1897; x_wconf 77' lang='lat' dir='ltr'>kynt</span> <span class='ocrx_word' id='word_1_114' title='bbox 1421 1816 1649 1894; x_wconf 86' lang='lat' dir='ltr'>(ante),</span> <span class='ocrx_word' id='word_1_115' title='bbox 1672 1817 1896 1899; x_wconf 71' lang='lat' dir='ltr'>ywedy</span> <span class='ocrx_word' id='word_1_116' title='bbox 1925 1817 2152 1896; x_wconf 85' lang='lat' dir='ltr'>(post):</span> <span class='ocrx_word' id='word_1_117' title='bbox 2183 1814 2319 1875; x_wconf 84' lang='lat' dir='ltr'>mal</span> <span class='ocrx_word' id='word_1_118' title='bbox 2337 1814 2486 1877; x_wconf 79' lang='lat' dir='ltr'>kent</span> <span class='ocrx_word' id='word_1_119' title='bbox 2509 1819 2610 1896; x_wconf 86' lang='lat' dir='ltr'>(ut</span> <span class='ocrx_word' id='word_1_120' title='bbox 2632 1819 2847 1895; x_wconf 83' lang='lat' dir='ltr'>antea)</span> 
     </span>
     <span class='ocr_line' id='line_1_14' title="bbox 517 1916 2843 2003; baseline 0 -24"><span class='ocrx_word' id='word_1_121' title='bbox 517 1919 672 1998; x_wconf 87' lang='lat' dir='ltr'>Leg.</span> <span class='ocrx_word' id='word_1_122' title='bbox 713 1920 771 1977; x_wconf 92' lang='lat'>2.</span> <span class='ocrx_word' id='word_1_123' title='bbox 811 1923 870 1978; x_wconf 89' lang='lat'>5.</span> <span class='ocrx_word' id='word_1_124' title='bbox 905 1921 963 1977; x_wconf 87' lang='grc'>2.</span> <span class='ocrx_word' id='word_1_125' title='bbox 998 1941 1040 2001; x_wconf 79' lang='lat' dir='ltr'><strong><em>y</em></strong></span> <span class='ocrx_word' id='word_1_126' title='bbox 1055 1916 1251 1999; x_wconf 76' lang='lat' dir='ltr'>fford</span> <span class='ocrx_word' id='word_1_127' title='bbox 1274 1919 1619 2002; x_wconf 77' lang='lat' dir='ltr'>ydeutlzum</span> <span class='ocrx_word' id='word_1_128' title='bbox 1643 1928 1804 2003; x_wconf 73' lang='lat' dir='ltr'>yynt</span> <span class='ocrx_word' id='word_1_129' title='bbox 1835 1919 1964 2001; x_wconf 86' lang='lat' dir='ltr'>(via</span> <span class='ocrx_word' id='word_1_130' title='bbox 1995 1942 2119 2003; x_wconf 90' lang='lat' dir='ltr'>qua</span> <span class='ocrx_word' id='word_1_131' title='bbox 2149 1919 2295 1980; x_wconf 85' lang='lat' dir='ltr'>veni</span> <span class='ocrx_word' id='word_1_132' title='bbox 2325 1924 2538 2001; x_wconf 88' lang='lat' dir='ltr'>antea)</span> <span class='ocrx_word' id='word_1_133' title='bbox 2572 1921 2748 1982; x_wconf 91' lang='lat' dir='ltr'>Mab.</span> <span class='ocrx_word' id='word_1_134' title='bbox 2786 1927 2843 1996; x_wconf 89' lang='lat'>1,</span> 
     </span>
     <span class='ocr_line' id='line_1_15' title="bbox 520 2023 2850 2107; baseline 0.001 -24"><span class='ocrx_word' id='word_1_135' title='bbox 520 2028 619 2083; x_wconf 89' lang='grc'>10.</span> <span class='ocrx_word' id='word_1_136' title='bbox 670 2023 904 2107; x_wconf 74' lang='lat' dir='ltr'>kyspys</span> <span class='ocrx_word' id='word_1_137' title='bbox 948 2045 1048 2106; x_wconf 78' lang='lat' dir='ltr'>yw</span> <span class='ocrx_word' id='word_1_138' title='bbox 1075 2023 1294 2105; x_wconf 71' lang='lat' dir='ltr'>yenyfi</span> <span class='ocrx_word' id='word_1_139' title='bbox 1335 2045 1421 2084; x_wconf 75' lang='lat' dir='ltr'>na</span> <span class='ocrx_word' id='word_1_140' title='bbox 1462 2023 1656 2107; x_wconf 76' lang='lat' dir='ltr'>chynt</span> <span class='ocrx_word' id='word_1_141' title='bbox 1683 2046 1768 2085; x_wconf 71' lang='lat' dir='ltr'>na</span> <span class='ocrx_word' id='word_1_142' title='bbox 1792 2027 2016 2107; x_wconf 72' lang='lat' dir='ltr'>ywedy</span> <span class='ocrx_word' id='word_1_143' title='bbox 2047 2047 2132 2085; x_wconf 77' lang='lat' dir='ltr'>na</span> <span class='ocrx_word' id='word_1_144' title='bbox 2164 2023 2420 2107; x_wconf 61' lang='lat' dir='ltr'>ekvqufi</span> <span class='ocrx_word' id='word_1_145' title='bbox 2449 2026 2850 2106; x_wconf 86' lang='lat' dir='ltr'>(persuasum</span> 
     </span>
    </p>
   </div>
   <div class='ocr_carea' id='block_1_7' title="bbox 472 2119 2851 3580">
    <p class='ocr_par' dir='ltr' id='par_1_7' title="bbox 472 2119 2851 3580">
     <span class='ocr_line' id='line_1_16' title="bbox 511 2119 2851 2211; baseline 0.002 -24"><span class='ocrx_word' id='word_1_146' title='bbox 511 2127 672 2188; x_wconf 89' lang='lat' dir='ltr'>mihi</span> <span class='ocrx_word' id='word_1_147' title='bbox 695 2138 813 2203; x_wconf 87' lang='lat' dir='ltr'>est,</span> <span class='ocrx_word' id='word_1_148' title='bbox 843 2129 1011 2209; x_wconf 91' lang='lat' dir='ltr'>quod</span> <span class='ocrx_word' id='word_1_149' title='bbox 1041 2149 1158 2189; x_wconf 89' lang='lat' dir='ltr'>nec</span> <span class='ocrx_word' id='word_1_150' title='bbox 1189 2138 1377 2188; x_wconf 88' lang='lat' dir='ltr'>antea</span> <span class='ocrx_word' id='word_1_151' title='bbox 1399 2149 1515 2189; x_wconf 87' lang='lat' dir='ltr'>nec</span> <span class='ocrx_word' id='word_1_152' title='bbox 1539 2119 1758 2210; x_wconf 75' lang='lat' dir='ltr'>postea</span> <span class='ocrx_word' id='word_1_153' title='bbox 1782 2129 2181 2210; x_wconf 79' lang='lat' dir='ltr'><strong>audiverim),</strong></span> <span class='ocrx_word' id='word_1_154' title='bbox 2212 2151 2296 2190; x_wconf 78' lang='lat' dir='ltr'>na</span> <span class='ocrx_word' id='word_1_155' title='bbox 2323 2129 2577 2211; x_wconf 72' lang='lat' dir='ltr'>olziylef</span> <span class='ocrx_word' id='word_1_156' title='bbox 2595 2129 2851 2192; x_wconf 75' lang='lat' dir='ltr'>eirmoet</span> 
     </span>
     <span class='ocr_line' id='line_1_17' title="bbox 512 2232 2848 2316; baseline 0.001 -22"><span class='ocrx_word' id='word_1_157' title='bbox 512 2232 792 2314; x_wconf 73' lang='lat' dir='ltr'>naehynt</span> <span class='ocrx_word' id='word_1_158' title='bbox 834 2254 954 2293; x_wconf 77' lang='lat' dir='ltr'>nac</span> <span class='ocrx_word' id='word_1_159' title='bbox 993 2234 1215 2315; x_wconf 56' lang='grc' dir='ltr'>φορεῖς]</span> <span class='ocrx_word' id='word_1_160' title='bbox 1250 2233 1446 2312; x_wconf 88' lang='lat' dir='ltr'>(quod</span> <span class='ocrx_word' id='word_1_161' title='bbox 1493 2254 1626 2295; x_wconf 92' lang='lat' dir='ltr'>non</span> <span class='ocrx_word' id='word_1_162' title='bbox 1671 2233 2020 2295; x_wconf 84' lang='lat' dir='ltr'>audiverim</span> <span class='ocrx_word' id='word_1_163' title='bbox 2054 2256 2335 2316; x_wconf 88' lang='lat' dir='ltr'>unquam</span> <span class='ocrx_word' id='word_1_164' title='bbox 2364 2256 2481 2295; x_wconf 87' lang='lat' dir='ltr'>nec</span> <span class='ocrx_word' id='word_1_165' title='bbox 2511 2246 2701 2296; x_wconf 85' lang='lat' dir='ltr'>antea</span> <span class='ocrx_word' id='word_1_166' title='bbox 2730 2257 2848 2296; x_wconf 84' lang='lat' dir='ltr'>nec</span> 
     </span>
     <span class='ocr_line' id='line_1_18' title="bbox 509 2337 2845 2421; baseline 0.001 -22"><span class='ocrx_word' id='word_1_167' title='bbox 509 2341 756 2419; x_wconf 88' lang='lat' dir='ltr'>postea)</span> <span class='ocrx_word' id='word_1_168' title='bbox 790 2338 964 2398; x_wconf 82' lang='lat' dir='ltr'>Mab.</span> <span class='ocrx_word' id='word_1_169' title='bbox 1011 2342 1066 2410; x_wconf 92' lang='lat'>1,</span> <span class='ocrx_word' id='word_1_170' title='bbox 1108 2343 1167 2396; x_wconf 86' lang='lat'>9.</span> <span class='ocrx_word' id='word_1_171' title='bbox 1210 2342 1309 2397; x_wconf 92' lang='lat'>10.</span> <span class='ocrx_word' id='word_1_172' title='bbox 1375 2337 1431 2398; x_wconf 79' lang='lat' dir='ltr'>b.</span> <span class='ocrx_word' id='word_1_173' title='bbox 1484 2348 1705 2399; x_wconf 89' lang='lat' dir='ltr'>auctae</span> <span class='ocrx_word' id='word_1_174' title='bbox 1738 2337 2324 2400; x_wconf 81' lang='lat' dir='ltr'>terminationibus:</span> <span class='ocrx_word' id='word_1_175' title='bbox 2360 2360 2491 2421; x_wconf 77' lang='lat' dir='ltr'>yna</span> <span class='ocrx_word' id='word_1_176' title='bbox 2524 2341 2730 2418; x_wconf 80' lang='lat' dir='ltr'>(tuno,</span> <span class='ocrx_word' id='word_1_177' title='bbox 2766 2340 2845 2401; x_wconf 90' lang='lat' dir='ltr'>de</span> 
     </span>
     <span class='ocr_line' id='line_1_19' title="bbox 512 2440 2840 2528; baseline 0.001 -25"><span class='ocrx_word' id='word_1_178' title='bbox 512 2444 844 2524; x_wconf 86' lang='lat' dir='ltr'>tempore),</span> <span class='ocrx_word' id='word_1_179' title='bbox 870 2464 996 2524; x_wconf 77' lang='lat' dir='ltr'>yno</span> <span class='ocrx_word' id='word_1_180' title='bbox 1031 2440 1168 2521; x_wconf 88' lang='lat' dir='ltr'>(ibi,</span> <span class='ocrx_word' id='word_1_181' title='bbox 1199 2441 1276 2502; x_wconf 88' lang='lat' dir='ltr'>de</span> <span class='ocrx_word' id='word_1_182' title='bbox 1308 2442 1443 2502; x_wconf 87' lang='lat' dir='ltr'>loco</span> <span class='ocrx_word' id='word_1_183' title='bbox 1458 2466 1476 2516; x_wconf 85' lang='lat'>;</span> <span class='ocrx_word' id='word_1_184' title='bbox 1513 2464 1673 2503; x_wconf 92' lang='lat' dir='ltr'>num</span> <span class='ocrx_word' id='word_1_185' title='bbox 1706 2454 2046 2523; x_wconf 88' lang='lat' dir='ltr'>utrumque</span> <span class='ocrx_word' id='word_1_186' title='bbox 2077 2465 2110 2504; x_wconf 88' lang='lat' dir='ltr'>e</span> <span class='ocrx_word' id='word_1_187' title='bbox 2141 2466 2357 2526; x_wconf 84' lang='lat' dir='ltr'>praep.</span> <span class='ocrx_word' id='word_1_188' title='bbox 2385 2465 2472 2526; x_wconf 76' lang='lat' dir='ltr'>yn</span> <span class='ocrx_word' id='word_1_189' title='bbox 2492 2444 2577 2524; x_wconf 73' lang='lat'>?),</span> <span class='ocrx_word' id='word_1_190' title='bbox 2609 2446 2840 2528; x_wconf 72' lang='lat' dir='ltr'>odyna,</span> 
     </span>
     <span class='ocr_line' id='line_1_20' title="bbox 511 2546 2839 2633; baseline 0.002 -27"><span class='ocrx_word' id='word_1_191' title='bbox 511 2548 714 2632; x_wconf 77' lang='lat' dir='ltr'>odyno</span> <span class='ocrx_word' id='word_1_192' title='bbox 747 2546 1026 2628; x_wconf 85' lang='lat' dir='ltr'>(exinde,</span> <span class='ocrx_word' id='word_1_193' title='bbox 1058 2550 1136 2608; x_wconf 80' lang='lat' dir='ltr'>ex</span> <span class='ocrx_word' id='word_1_194' title='bbox 1167 2568 1238 2609; x_wconf 86' lang='lat' dir='ltr'>eo</span> <span class='ocrx_word' id='word_1_195' title='bbox 1272 2557 1572 2629; x_wconf 85' lang='lat' dir='ltr'>tempore,</span> <span class='ocrx_word' id='word_1_196' title='bbox 1605 2547 1792 2628; x_wconf 91' lang='grc'>1000),</span> <span class='ocrx_word' id='word_1_197' title='bbox 1822 2549 2014 2609; x_wconf 79' lang='lat' dir='ltr'>racko</span> <span class='ocrx_word' id='word_1_198' title='bbox 2048 2546 2256 2630; x_wconf 87' lang='grc'>(11110),</span> <span class='ocrx_word' id='word_1_199' title='bbox 2285 2570 2540 2633; x_wconf 72' lang='lat' dir='ltr'>yymzeu</span> <span class='ocrx_word' id='word_1_200' title='bbox 2574 2551 2839 2631; x_wconf 83' lang='lat' dir='ltr'>(modo),</span> 
     </span>
     <span class='ocr_line' id='line_1_21' title="bbox 511 2651 2844 2740; baseline 0 -25"><span class='ocrx_word' id='word_1_201' title='bbox 511 2655 737 2715; x_wconf 83' lang='lat' dir='ltr'>drwod</span> <span class='ocrx_word' id='word_1_202' title='bbox 763 2655 988 2729; x_wconf 67' lang='lat' dir='ltr'>(tram,</span> <span class='ocrx_word' id='word_1_203' title='bbox 1023 2673 1222 2734; x_wconf 86' lang='lat' dir='ltr'>germ.</span> <span class='ocrx_word' id='word_1_204' title='bbox 1260 2651 1584 2740; x_wconf 63' lang='lat' dir='ltr'>hinstbm),</span> <span class='ocrx_word' id='word_1_205' title='bbox 1615 2653 1735 2715; x_wconf 77' lang='lat' dir='ltr'>isot</span> <span class='ocrx_word' id='word_1_206' title='bbox 1765 2654 2137 2733; x_wconf 84' lang='lat' dir='ltr'>(deorsum),</span> <span class='ocrx_word' id='word_1_207' title='bbox 2169 2654 2355 2716; x_wconf 77' lang='lat' dir='ltr'>uekot</span> <span class='ocrx_word' id='word_1_208' title='bbox 2384 2657 2726 2735; x_wconf 87' lang='lat' dir='ltr'>(sursum):</span> <span class='ocrx_word' id='word_1_209' title='bbox 2766 2676 2844 2716; x_wconf 82' lang='lat' dir='ltr'>ac</span> 
     </span>
     <span class='ocr_line' id='line_1_22' title="bbox 504 2756 2847 2844; baseline 0.001 -24"><span class='ocrx_word' id='word_1_210' title='bbox 504 2780 636 2843; x_wconf 76' lang='lat' dir='ltr'>yna</span> <span class='ocrx_word' id='word_1_211' title='bbox 676 2781 718 2842; x_wconf 78' lang='lat' dir='ltr'><strong><em>y</em></strong></span> <span class='ocrx_word' id='word_1_212' title='bbox 761 2756 1068 2840; x_wconf 72' lang='lat' dir='ltr'>meneqeis</span> <span class='ocrx_word' id='word_1_213' title='bbox 1114 2756 1142 2817; x_wconf 77' lang='lat' dir='ltr'>i</span> <span class='ocrx_word' id='word_1_214' title='bbox 1185 2759 1370 2836; x_wconf 88' lang='lat' dir='ltr'>(tunc</span> <span class='ocrx_word' id='word_1_215' title='bbox 1425 2757 1853 2819; x_wconf 88' lang='lat' dir='ltr'>demonstravi</span> <span class='ocrx_word' id='word_1_216' title='bbox 1897 2761 2040 2839; x_wconf 84' lang='lat' dir='ltr'>ego)</span> <span class='ocrx_word' id='word_1_217' title='bbox 2086 2759 2262 2820; x_wconf 91' lang='lat' dir='ltr'>Mab.</span> <span class='ocrx_word' id='word_1_218' title='bbox 2308 2766 2376 2834; x_wconf 89' lang='lat'>1,</span> <span class='ocrx_word' id='word_1_219' title='bbox 2417 2766 2476 2820; x_wconf 79' lang='lat'>5.</span> <span class='ocrx_word' id='word_1_220' title='bbox 2527 2760 2847 2844; x_wconf 70' lang='lat' dir='ltr'>ylewlwyt</span> 
     </span>
     <span class='ocr_line' id='line_1_23' title="bbox 507 2860 2841 2946; baseline 0 -21"><span class='ocrx_word' id='word_1_221' title='bbox 507 2865 625 2925; x_wconf 86' lang='lat' dir='ltr'>oed</span> <span class='ocrx_word' id='word_1_222' title='bbox 649 2885 772 2946; x_wconf 79' lang='lat' dir='ltr'>yno</span> <span class='ocrx_word' id='word_1_223' title='bbox 798 2863 935 2942; x_wconf 86' lang='lat' dir='ltr'><strong>(Gl.</strong></span> <span class='ocrx_word' id='word_1_224' title='bbox 966 2871 1101 2923; x_wconf 89' lang='lat' dir='ltr'>erat</span> <span class='ocrx_word' id='word_1_225' title='bbox 1126 2860 1242 2942; x_wconf 86' lang='lat' dir='ltr'>ibi)</span> <span class='ocrx_word' id='word_1_226' title='bbox 1276 2867 1330 2936; x_wconf 95' lang='lat'>1,</span> <span class='ocrx_word' id='word_1_227' title='bbox 1369 2869 1394 2921; x_wconf 93' lang='lat'><strong>1</strong></span> <span class='ocrx_word' id='word_1_228' title='bbox 1411 2909 1424 2922; x_wconf 93' lang='lat'><strong>.</strong></span> <span class='ocrx_word' id='word_1_229' title='bbox 1462 2885 1537 2923; x_wconf 80' lang='lat' dir='ltr'>ac</span> <span class='ocrx_word' id='word_1_230' title='bbox 1562 2863 1771 2945; x_wconf 79' lang='lat' dir='ltr'>odyna</span> <span class='ocrx_word' id='word_1_231' title='bbox 1798 2862 1850 2925; x_wconf 74' lang='lat' dir='ltr'>ti</span> <span class='ocrx_word' id='word_1_232' title='bbox 1870 2863 2067 2945; x_wconf 78' lang='lat' dir='ltr'>awely</span> <span class='ocrx_word' id='word_1_233' title='bbox 2095 2862 2270 2943; x_wconf 84' lang='lat' dir='ltr'>(inde</span> <span class='ocrx_word' id='word_1_234' title='bbox 2295 2862 2587 2944; x_wconf 85' lang='lat' dir='ltr'>videbis),</span> <span class='ocrx_word' id='word_1_235' title='bbox 2619 2865 2736 2926; x_wconf 69' lang='grc' dir='ltr'><em>παῖ</em></span> <span class='ocrx_word' id='word_1_236' title='bbox 2754 2886 2841 2926; x_wconf 75' lang='lat' dir='ltr'>na</span> 
     </span>
     <span class='ocr_line' id='line_1_24' title="bbox 472 2966 2841 3050; baseline -0 -20"><span class='ocrx_word' id='word_1_237' title='bbox 472 2991 475 2994; x_wconf 67' lang='grc'>’</span> <span class='ocrx_word' id='word_1_238' title='bbox 507 2968 662 3030; x_wconf 77' lang='lat' dir='ltr'>allei</span> <span class='ocrx_word' id='word_1_239' title='bbox 691 2966 885 3029; x_wconf 79' lang='lat' dir='ltr'>owein</span> <span class='ocrx_word' id='word_1_240' title='bbox 917 2975 1104 3050; x_wconf 78' lang='lat' dir='ltr'>vynet</span> <span class='ocrx_word' id='word_1_241' title='bbox 1132 2968 1334 3049; x_wconf 77' lang='lat' dir='ltr'>odyno</span> <span class='ocrx_word' id='word_1_242' title='bbox 1369 2966 1485 3045; x_wconf 88' lang='lat' dir='ltr'>(ita</span> <span class='ocrx_word' id='word_1_243' title='bbox 1516 2976 1591 3028; x_wconf 92' lang='lat' dir='ltr'>ut</span> <span class='ocrx_word' id='word_1_244' title='bbox 1620 2989 1751 3028; x_wconf 91' lang='lat' dir='ltr'>non</span> <span class='ocrx_word' id='word_1_245' title='bbox 1780 2978 1993 3049; x_wconf 89' lang='lat' dir='ltr'>posset</span> <span class='ocrx_word' id='word_1_246' title='bbox 2018 2967 2098 3029; x_wconf 88' lang='lat' dir='ltr'>O.</span> <span class='ocrx_word' id='word_1_247' title='bbox 2136 2967 2225 3028; x_wconf 91' lang='lat' dir='ltr'>ire</span> <span class='ocrx_word' id='word_1_248' title='bbox 2256 2967 2427 3043; x_wconf 88' lang='lat' dir='ltr'>inde,</span> <span class='ocrx_word' id='word_1_249' title='bbox 2464 2989 2542 3028; x_wconf 83' lang='lat' dir='ltr'>ex</span> <span class='ocrx_word' id='word_1_250' title='bbox 2572 2989 2645 3028; x_wconf 90' lang='lat' dir='ltr'>eo</span> <span class='ocrx_word' id='word_1_251' title='bbox 2674 2968 2841 3049; x_wconf 88' lang='lat' dir='ltr'>loco)</span> 
     </span>
     <span class='ocr_line' id='line_1_25' title="bbox 517 3070 2837 3156; baseline -0.001 -21"><span class='ocrx_word' id='word_1_252' title='bbox 517 3083 572 3150; x_wconf 89' lang='lat'>1,</span> <span class='ocrx_word' id='word_1_253' title='bbox 614 3083 671 3135; x_wconf 89' lang='lat'>7.</span> <span class='ocrx_word' id='word_1_254' title='bbox 715 3080 814 3133; x_wconf 90' lang='lat'>14.</span> <span class='ocrx_word' id='word_1_255' title='bbox 863 3095 905 3156; x_wconf 75' lang='lat' dir='ltr'><em>y</em></span> <span class='ocrx_word' id='word_1_256' title='bbox 945 3092 1085 3154; x_wconf 64' lang='grc' dir='ltr'>ρων</span> <span class='ocrx_word' id='word_1_257' title='bbox 1129 3070 1235 3132; x_wconf 77' lang='lat' dir='ltr'>hir</span> <span class='ocrx_word' id='word_1_258' title='bbox 1271 3071 1464 3133; x_wconf 75' lang='lat' dir='ltr'>racko</span> <span class='ocrx_word' id='word_1_259' title='bbox 1495 3094 1636 3134; x_wconf 80' lang='lat' dir='ltr'>mae</span> <span class='ocrx_word' id='word_1_260' title='bbox 1668 3071 1895 3134; x_wconf 77' lang='lat' dir='ltr'>arthur</span> <span class='ocrx_word' id='word_1_261' title='bbox 1927 3072 2050 3152; x_wconf 86' lang='lat' dir='ltr'>(vir</span> <span class='ocrx_word' id='word_1_262' title='bbox 2078 3071 2307 3154; x_wconf 85' lang='lat' dir='ltr'>longus</span> <span class='ocrx_word' id='word_1_263' title='bbox 2339 3071 2469 3133; x_wconf 87' lang='lat' dir='ltr'>illic</span> <span class='ocrx_word' id='word_1_264' title='bbox 2501 3083 2596 3133; x_wconf 90' lang='lat' dir='ltr'>est</span> <span class='ocrx_word' id='word_1_265' title='bbox 2624 3074 2739 3153; x_wconf 90' lang='lat' dir='ltr'>A.)</span> <span class='ocrx_word' id='word_1_266' title='bbox 2779 3080 2837 3148; x_wconf 91' lang='lat'>1,</span> 
     </span>
     <span class='ocr_line' id='line_1_26' title="bbox 510 3176 2841 3262; baseline -0 -22"><span class='ocrx_word' id='word_1_267' title='bbox 510 3186 655 3240; x_wconf 88' lang='lat'>241.</span> <span class='ocrx_word' id='word_1_268' title='bbox 704 3201 746 3262; x_wconf 80' lang='lat' dir='ltr'><strong><em>y</em></strong></span> <span class='ocrx_word' id='word_1_269' title='bbox 778 3177 1140 3261; x_wconf 75' lang='lat' dir='ltr'>deuthpwyt</span> <span class='ocrx_word' id='word_1_270' title='bbox 1179 3184 1371 3238; x_wconf 83' lang='lat' dir='ltr'>attaw</span> <span class='ocrx_word' id='word_1_271' title='bbox 1396 3199 1654 3261; x_wconf 72' lang='lat' dir='ltr'>yynneu</span> <span class='ocrx_word' id='word_1_272' title='bbox 1685 3179 1976 3257; x_wconf 87' lang='lat' dir='ltr'>(ventum</span> <span class='ocrx_word' id='word_1_273' title='bbox 2008 3187 2104 3237; x_wconf 87' lang='lat' dir='ltr'>est</span> <span class='ocrx_word' id='word_1_274' title='bbox 2134 3176 2215 3238; x_wconf 89' lang='lat' dir='ltr'>ad</span> <span class='ocrx_word' id='word_1_275' title='bbox 2245 3197 2391 3236; x_wconf 88' lang='lat' dir='ltr'>eum</span> <span class='ocrx_word' id='word_1_276' title='bbox 2420 3198 2594 3238; x_wconf 89' lang='lat' dir='ltr'>nunc</span> <span class='ocrx_word' id='word_1_277' title='bbox 2624 3180 2841 3258; x_wconf 90' lang='lat' dir='ltr'>modo)</span> 
     </span>
     <span class='ocr_line' id='line_1_27' title="bbox 509 3279 2840 3365; baseline -0 -21"><span class='ocrx_word' id='word_1_278' title='bbox 509 3289 569 3360; x_wconf 93' lang='grc'>2,</span> <span class='ocrx_word' id='word_1_279' title='bbox 610 3291 755 3345; x_wconf 87' lang='grc'>391.</span> <span class='ocrx_word' id='word_1_280' title='bbox 792 3283 903 3344; x_wconf 81' lang='lat' dir='ltr'>dos</span> <span class='ocrx_word' id='word_1_281' title='bbox 932 3303 1061 3365; x_wconf 78' lang='lat' dir='ltr'>yna</span> <span class='ocrx_word' id='word_1_282' title='bbox 1093 3281 1317 3342; x_wconf 81' lang='lat' dir='ltr'>drwod</span> <span class='ocrx_word' id='word_1_283' title='bbox 1344 3282 1806 3362; x_wconf 86' lang='lat' dir='ltr'>(transgredere</span> <span class='ocrx_word' id='word_1_284' title='bbox 1838 3281 2038 3360; x_wconf 89' lang='lat' dir='ltr'>inde),</span> <span class='ocrx_word' id='word_1_285' title='bbox 2071 3303 2112 3363; x_wconf 78' lang='lat' dir='ltr'><em>y</em></span> <span class='ocrx_word' id='word_1_286' title='bbox 2146 3279 2331 3341; x_wconf 77' lang='lat' dir='ltr'>deuei</span> <span class='ocrx_word' id='word_1_287' title='bbox 2358 3281 2580 3342; x_wconf 82' lang='lat' dir='ltr'>drwod</span> <span class='ocrx_word' id='word_1_288' title='bbox 2606 3283 2840 3362; x_wconf 85' lang='lat' dir='ltr'>(trans-</span> 
     </span>
     <span class='ocr_line' id='line_1_28' title="bbox 503 3384 2835 3473; baseline -0.002 -21"><span class='ocrx_word' id='word_1_289' title='bbox 503 3410 757 3473; x_wconf 87' lang='lat' dir='ltr'>gressus</span> <span class='ocrx_word' id='word_1_290' title='bbox 802 3397 919 3462; x_wconf 86' lang='lat' dir='ltr'>est,</span> <span class='ocrx_word' id='word_1_291' title='bbox 956 3385 1262 3458; x_wconf 84' lang='lat' dir='ltr'>fluvium3</span> <span class='ocrx_word' id='word_1_292' title='bbox 1313 3385 1463 3448; x_wconf 90' lang='lat' dir='ltr'>kam</span> <span class='ocrx_word' id='word_1_293' title='bbox 1507 3386 1809 3467; x_wconf 80' lang='lat' dir='ltr'>hiniiber)</span> <span class='ocrx_word' id='word_1_294' title='bbox 1843 3392 1898 3460; x_wconf 94' lang='lat'>1,</span> <span class='ocrx_word' id='word_1_295' title='bbox 1941 3391 2042 3446; x_wconf 86' lang='lat'>32.</span> <span class='ocrx_word' id='word_1_296' title='bbox 2083 3391 2227 3446; x_wconf 88' lang='grc'><strong>274.</strong></span> <span class='ocrx_word' id='word_1_297' title='bbox 2274 3384 2585 3468; x_wconf 72' lang='lat' dir='ltr'>qwez&#39;tlceu</span> <span class='ocrx_word' id='word_1_298' title='bbox 2628 3386 2835 3449; x_wconf 77' lang='lat' dir='ltr'>uchot.</span> 
     </span>
     <span class='ocr_line' id='line_1_29' title="bbox 500 3491 2618 3580; baseline -0.004 -21"><span class='ocrx_word' id='word_1_299' title='bbox 500 3495 810 3580; x_wconf 72' lang='lat' dir='ltr'>yweitheu</span> <span class='ocrx_word' id='word_1_300' title='bbox 842 3491 996 3553; x_wconf 77' lang='lat' dir='ltr'>issot</span> <span class='ocrx_word' id='word_1_301' title='bbox 1025 3492 1238 3571; x_wconf 91' lang='lat' dir='ltr'>(modo</span> <span class='ocrx_word' id='word_1_302' title='bbox 1270 3511 1543 3565; x_wconf 90' lang='lat' dir='ltr'>sursum,</span> <span class='ocrx_word' id='word_1_303' title='bbox 1582 3492 1769 3552; x_wconf 90' lang='lat' dir='ltr'>modo</span> <span class='ocrx_word' id='word_1_304' title='bbox 1800 3491 2120 3570; x_wconf 87' lang='lat' dir='ltr'>deorsum)</span> <span class='ocrx_word' id='word_1_305' title='bbox 2155 3491 2330 3552; x_wconf 83' lang='lat' dir='ltr'>Mab.</span> <span class='ocrx_word' id='word_1_306' title='bbox 2372 3496 2430 3564; x_wconf 92' lang='grc'>2,</span> <span class='ocrx_word' id='word_1_307' title='bbox 2471 3495 2618 3551; x_wconf 88' lang='grc'>200.</span> 
     </span>
    </p>
   </div>
   <div class='ocr_carea' id='block_1_8' title="bbox 508 3615 2838 3804">
    <p class='ocr_par' dir='ltr' id='par_1_8' title="bbox 508 3615 2838 3804">
     <span class='ocr_line' id='line_1_30' title="bbox 675 3615 2833 3699; baseline -0.004 -16"><span class='ocrx_word' id='word_1_308' title='bbox 675 3616 1108 3691; x_wconf 87' lang='lat' dir='ltr'>Cornicae,</span> <span class='ocrx_word' id='word_1_309' title='bbox 1138 3617 1400 3677; x_wconf 81' lang='lat' dir='ltr'>nudae:</span> <span class='ocrx_word' id='word_1_310' title='bbox 1451 3615 1647 3699; x_wconf 63' lang='lat' dir='ltr'>leym,</span> <span class='ocrx_word' id='word_1_311' title='bbox 1698 3615 1851 3678; x_wconf 74' lang='lat' dir='ltr'>kens</span> <span class='ocrx_word' id='word_1_312' title='bbox 1893 3618 2135 3695; x_wconf 87' lang='lat' dir='ltr'>(antea)</span> <span class='ocrx_word' id='word_1_313' title='bbox 2176 3616 2357 3676; x_wconf 77' lang='lat' dir='ltr'>Pass,</span> <span class='ocrx_word' id='word_1_314' title='bbox 2403 3619 2544 3688; x_wconf 89' lang='grc'>194,</span> <span class='ocrx_word' id='word_1_315' title='bbox 2584 3619 2645 3676; x_wconf 86' lang='grc'>2.</span> <span class='ocrx_word' id='word_1_316' title='bbox 2686 3619 2833 3691; x_wconf 82' lang='grc'>254,</span> 
     </span>
     <span class='ocr_line' id='line_1_31' title="bbox 508 3719 2838 3804; baseline -0.003 -16"><span class='ocrx_word' id='word_1_317' title='bbox 508 3732 568 3788; x_wconf 93' lang='grc'>2.</span> <span class='ocrx_word' id='word_1_318' title='bbox 632 3726 909 3787; x_wconf 86' lang='lat' dir='ltr'>Auctae:</span> <span class='ocrx_word' id='word_1_319' title='bbox 947 3744 1088 3797; x_wconf 78' lang='lat' dir='ltr'>ena,</span> <span class='ocrx_word' id='word_1_320' title='bbox 1127 3744 1238 3783; x_wconf 79' lang='lat' dir='ltr'>ene</span> <span class='ocrx_word' id='word_1_321' title='bbox 1269 3723 1481 3802; x_wconf 87' lang='lat' dir='ltr'>(tunc)</span> <span class='ocrx_word' id='word_1_322' title='bbox 1512 3721 1601 3801; x_wconf 87' lang='lat' dir='ltr'>fq.</span> <span class='ocrx_word' id='word_1_323' title='bbox 1635 3743 1781 3804; x_wconf 64' lang='lat' dir='ltr'>yma,</span> <span class='ocrx_word' id='word_1_324' title='bbox 1816 3742 1984 3804; x_wconf 74' lang='lat' dir='ltr'>ynne</span> <span class='ocrx_word' id='word_1_325' title='bbox 2016 3719 2158 3800; x_wconf 91' lang='lat' dir='ltr'>(ibi)</span> <span class='ocrx_word' id='word_1_326' title='bbox 2198 3727 2298 3794; x_wconf 88' lang='lat'>77,</span> <span class='ocrx_word' id='word_1_327' title='bbox 2339 3725 2398 3779; x_wconf 90' lang='lat'>3.</span> <span class='ocrx_word' id='word_1_328' title='bbox 2438 3724 2583 3794; x_wconf 86' lang='lat'><strong>233,</strong></span> <span class='ocrx_word' id='word_1_329' title='bbox 2623 3726 2682 3780; x_wconf 91' lang='lat'>4.</span> <span class='ocrx_word' id='word_1_330' title='bbox 2730 3720 2838 3804; x_wconf 75' lang='lat' dir='ltr'>thy</span> 
     </span>
    </p>
   </div>
   <div class='ocr_carea' id='block_1_9' title="bbox 504 3823 2836 4017">
    <p class='ocr_par' dir='ltr' id='par_1_9' title="bbox 504 3823 2836 4017">
     <span class='ocr_line' id='line_1_32' title="bbox 507 3823 2836 3912; baseline -0.004 -19"><span class='ocrx_word' id='word_1_331' title='bbox 507 3832 710 3912; x_wconf 90' lang='lat' dir='ltr'>(illuc,</span> <span class='ocrx_word' id='word_1_332' title='bbox 747 3829 816 3890; x_wconf 89' lang='lat' dir='ltr'>in</span> <span class='ocrx_word' id='word_1_333' title='bbox 851 3848 998 3889; x_wconf 88' lang='lat' dir='ltr'>eum</span> <span class='ocrx_word' id='word_1_334' title='bbox 1028 3827 1267 3907; x_wconf 88' lang='lat' dir='ltr'>locum)</span> <span class='ocrx_word' id='word_1_335' title='bbox 1308 3833 1448 3901; x_wconf 88' lang='lat'><strong>176,</strong></span> <span class='ocrx_word' id='word_1_336' title='bbox 1489 3831 1548 3887; x_wconf 93' lang='grc'>2.</span> <span class='ocrx_word' id='word_1_337' title='bbox 1600 3824 1723 3887; x_wconf 77' lang='lat' dir='ltr'>isot</span> <span class='ocrx_word' id='word_1_338' title='bbox 1753 3825 1868 3907; x_wconf 84' lang='lat' dir='ltr'><strong>(gl.</strong></span> <span class='ocrx_word' id='word_1_339' title='bbox 1904 3826 2249 3904; x_wconf 84' lang='lat' dir='ltr'>deorsum),</span> <span class='ocrx_word' id='word_1_340' title='bbox 2285 3823 2517 3886; x_wconf 71' lang='lat' dir='ltr'>Icuckot</span> <span class='ocrx_word' id='word_1_341' title='bbox 2546 3824 2661 3905; x_wconf 82' lang='lat' dir='ltr'><strong>(gl.</strong></span> <span class='ocrx_word' id='word_1_342' title='bbox 2701 3845 2836 3885; x_wconf 90' lang='lat' dir='ltr'>sur-</span> 
     </span>
     <span class='ocr_line' id='line_1_33' title="bbox 504 3928 1072 4017; baseline -0.011 -19"><span class='ocrx_word' id='word_1_343' title='bbox 504 3939 674 4017; x_wconf 88' lang='lat' dir='ltr'>sum)</span> <span class='ocrx_word' id='word_1_344' title='bbox 705 3934 945 3997; x_wconf 88' lang='lat' dir='ltr'>Vocab.</span> <span class='ocrx_word' id='word_1_345' title='bbox 985 3928 1072 3993; x_wconf 72' lang='lat' dir='ltr'>8b.</span> 
     </span>
    </p>
   </div>
   <div class='ocr_carea' id='block_1_10' title="bbox 497 4053 2856 4355">
    <p class='ocr_par' dir='ltr' id='par_1_10' title="bbox 497 4053 2856 4355">
     <span class='ocr_line' id='line_1_34' title="bbox 677 4053 2856 4138; baseline -0.006 -15"><span class='ocrx_word' id='word_1_346' title='bbox 677 4057 1178 4132; x_wconf 86' lang='lat' dir='ltr'>Armoricae,</span> <span class='ocrx_word' id='word_1_347' title='bbox 1226 4057 1465 4119; x_wconf 88' lang='lat' dir='ltr'>nudae:</span> <span class='ocrx_word' id='word_1_348' title='bbox 1517 4056 1660 4118; x_wconf 79' lang='lat' dir='ltr'>euel</span> <span class='ocrx_word' id='word_1_349' title='bbox 1695 4065 1888 4138; x_wconf 78' lang='lat' dir='ltr'>quent</span> <span class='ocrx_word' id='word_1_350' title='bbox 1917 4058 2019 4135; x_wconf 90' lang='lat' dir='ltr'>(ut</span> <span class='ocrx_word' id='word_1_351' title='bbox 2060 4057 2275 4135; x_wconf 82' lang='lat' dir='ltr'>antea)</span> <span class='ocrx_word' id='word_1_352' title='bbox 2320 4053 2490 4115; x_wconf 90' lang='lat' dir='ltr'>Buh.</span> <span class='ocrx_word' id='word_1_353' title='bbox 2534 4059 2687 4126; x_wconf 87' lang='lat'>154,</span> <span class='ocrx_word' id='word_1_354' title='bbox 2730 4058 2856 4134; x_wconf 53' lang='lat'>16„</span> 
     </span>
     <span class='ocr_line' id='line_1_35' title="bbox 501 4156 2838 4251; baseline -0.006 -22"><span class='ocrx_word' id='word_1_355' title='bbox 501 4167 705 4251; x_wconf 72' lang='lat' dir='ltr'>qoude</span> <span class='ocrx_word' id='word_1_356' title='bbox 753 4186 821 4225; x_wconf 81' lang='lat' dir='ltr'>ez</span> <span class='ocrx_word' id='word_1_357' title='bbox 863 4183 1004 4223; x_wconf 81' lang='lat' dir='ltr'>vezo</span> <span class='ocrx_word' id='word_1_358' title='bbox 1050 4170 1330 4224; x_wconf 70' lang='lat' dir='ltr'>soutenet</span> <span class='ocrx_word' id='word_1_359' title='bbox 1359 4163 1604 4243; x_wconf 87' lang='lat' dir='ltr'>(postea</span> <span class='ocrx_word' id='word_1_360' title='bbox 1647 4160 2135 4241; x_wconf 84' lang='lat' dir='ltr'>sustentabitur)</span> <span class='ocrx_word' id='word_1_361' title='bbox 2177 4165 2316 4233; x_wconf 90' lang='grc'>108,</span> <span class='ocrx_word' id='word_1_362' title='bbox 2360 4165 2458 4219; x_wconf 92' lang='grc'>19.</span> <span class='ocrx_word' id='word_1_363' title='bbox 2505 4178 2604 4218; x_wconf 80' lang='lat' dir='ltr'>me</span> <span class='ocrx_word' id='word_1_364' title='bbox 2646 4156 2838 4217; x_wconf 80' lang='lat' dir='ltr'>carhe</span> 
     </span>
     <span class='ocr_line' id='line_1_36' title="bbox 497 4260 2831 4355; baseline -0.006 -21"><span class='ocrx_word' id='word_1_365' title='bbox 497 4279 770 4355; x_wconf 70' lang='lat' dir='ltr'>youzout</span> <span class='ocrx_word' id='word_1_366' title='bbox 798 4275 943 4351; x_wconf 74' lang='lat' dir='ltr'>quet</span> <span class='ocrx_word' id='word_1_367' title='bbox 967 4267 1170 4348; x_wconf 73' lang='lat' dir='ltr'>youde</span> <span class='ocrx_word' id='word_1_368' title='bbox 1202 4265 1387 4346; x_wconf 88' lang='lat' dir='ltr'>(scire</span> <span class='ocrx_word' id='word_1_369' title='bbox 1419 4266 1608 4328; x_wconf 88' lang='lat' dir='ltr'>velim</span> <span class='ocrx_word' id='word_1_370' title='bbox 1637 4266 1882 4347; x_wconf 83' lang='lat' dir='ltr'>postea)</span> <span class='ocrx_word' id='word_1_371' title='bbox 1915 4266 2055 4338; x_wconf 89' lang='grc'>170,</span> <span class='ocrx_word' id='word_1_372' title='bbox 2092 4270 2191 4325; x_wconf 87' lang='grc'>18.</span> <span class='ocrx_word' id='word_1_373' title='bbox 2242 4265 2516 4325; x_wconf 86' lang='lat' dir='ltr'>Auctae:</span> <span class='ocrx_word' id='word_1_374' title='bbox 2556 4282 2666 4323; x_wconf 78' lang='lat' dir='ltr'>eno</span> <span class='ocrx_word' id='word_1_375' title='bbox 2693 4260 2831 4340; x_wconf 89' lang='lat' dir='ltr'>(ibi,</span> 
     </span>
    </p>
   </div>
   <div class='ocr_carea' id='block_1_11' title="bbox 500 4366 2837 4561">
    <p class='ocr_par' dir='ltr' id='par_1_11' title="bbox 500 4366 2837 4561">
     <span class='ocr_line' id='line_1_37' title="bbox 506 4366 2837 4457; baseline -0.005 -20"><span class='ocrx_word' id='word_1_376' title='bbox 506 4377 661 4457; x_wconf 91' lang='lat' dir='ltr'>hic),</span> <span class='ocrx_word' id='word_1_377' title='bbox 697 4374 948 4436; x_wconf 72' lang='lat' dir='ltr'>alumen</span> <span class='ocrx_word' id='word_1_378' title='bbox 981 4372 1179 4452; x_wconf 85' lang='lat' dir='ltr'>(inde,</span> <span class='ocrx_word' id='word_1_379' title='bbox 1210 4394 1289 4433; x_wconf 85' lang='lat' dir='ltr'>ex</span> <span class='ocrx_word' id='word_1_380' title='bbox 1316 4370 1437 4431; x_wconf 90' lang='lat' dir='ltr'>hoc</span> <span class='ocrx_word' id='word_1_381' title='bbox 1466 4371 1605 4431; x_wconf 91' lang='lat' dir='ltr'>loco</span> <span class='ocrx_word' id='word_1_382' title='bbox 1625 4394 1643 4443; x_wconf 88' lang='lat'>;</span> <span class='ocrx_word' id='word_1_383' title='bbox 1680 4391 1714 4431; x_wconf 88' lang='lat' dir='ltr'>e</span> <span class='ocrx_word' id='word_1_384' title='bbox 1744 4390 1958 4450; x_wconf 86' lang='lat' dir='ltr'>praep.</span> <span class='ocrx_word' id='word_1_385' title='bbox 1989 4391 2053 4442; x_wconf 84' lang='lat' dir='ltr'>a,</span> <span class='ocrx_word' id='word_1_386' title='bbox 2083 4389 2182 4441; x_wconf 84' lang='lat' dir='ltr'>ex,</span> <span class='ocrx_word' id='word_1_387' title='bbox 2212 4370 2311 4442; x_wconf 86' lang='lat' dir='ltr'>de,</span> <span class='ocrx_word' id='word_1_388' title='bbox 2342 4377 2416 4428; x_wconf 86' lang='lat' dir='ltr'>ut</span> <span class='ocrx_word' id='word_1_389' title='bbox 2437 4366 2728 4448; x_wconf 75' lang='lat' dir='ltr'>akanoffi</span> <span class='ocrx_word' id='word_1_390' title='bbox 2758 4367 2837 4426; x_wconf 90' lang='lat' dir='ltr'>de</span> 
     </span>
     <span class='ocr_line' id='line_1_38' title="bbox 500 4477 962 4561; baseline -0.013 -18"><span class='ocrx_word' id='word_1_391' title='bbox 500 4485 633 4561; x_wconf 88' lang='lat' dir='ltr'>me)</span> <span class='ocrx_word' id='word_1_392' title='bbox 662 4480 837 4541; x_wconf 86' lang='lat' dir='ltr'>Buh.</span> <span class='ocrx_word' id='word_1_393' title='bbox 873 4477 962 4558; x_wconf 88' lang='lat' dir='ltr'>fq.</span> 
     </span>
    </p>
   </div>
   <div class='ocr_carea' id='block_1_12' title="bbox 3141 2089 3150 2668">
    <p class='ocr_par' dir='ltr' id='par_1_12' title="bbox 3141 2089 3150 2668">
     <span class='ocr_line' id='line_1_39' title="bbox 3141 2089 3150 2668; baseline 0 0"><span class='ocrx_word' id='word_1_394' title='bbox 3141 2089 3150 2668; x_wconf 95' lang='lat' dir='ltr'> </span> 
     </span>
    </p>
   </div>
  </div>
 </body>
</html>
