3150 5242
692 422 809 484 IV.
852 426 909 484 2.
970 440 1532 487 PRAEPosrmoNEs
1565 439 2038 483 BmTANNmAE.
2308 464 2316 470 -
2411 422 2533 481 643

190 594 273 677 fq.
338 595 513 658 Cum
547 593 868 658 infinitivo
900 595 1066 657 idem
1098 594 1417 677 significat
1446 596 1616 677 quod
1648 594 1894 656 hibern.
1932 594 2033 668 da,
2071 593 2306 664 cambr.
2340 615 2420 676 3],·
2464 594 2545 676 ef

190 723 228 763 a
260 722 514 786 qewsys
560 721 680 783 ray
721 723 763 784 3]
807 702 1098 785 demptye
1129 699 1322 781 (dixit
1350 702 1430 763 ad
1462 722 1611 763 eum
1643 701 2050 780 tentandum)
2089 705 2188 776 14,
2232 705 2288 760 1.
2336 700 2529 783 erbyn

197 804 411 870 Christ
450 827 583 889 ray
625 829 668 890 3]
712 806 905 868 welas
944 830 987 891 3]
1018 806 1121 870 eth
1151 807 1237 870 ka
1267 827 1387 889 ray
1415 830 1458 891 3]
1489 806 1768 890 wortkye
1800 805 1896 886 (in
1927 826 2257 868 occursum
2288 804 2530 868 Christi

188 915 261 976 ad
289 936 440 976 eum
472 913 829 976 videndum
859 912 1115 978 iverunt
1145 923 1209 974 et
1238 914 1317 975 ad
1348 934 1496 974 eum
1525 914 1985 994 venerandum)
2021 917 2124 988 29,
2163 915 2222 972 2.

349 1021 524 1084 Cum
559 1017 1045 1102 pronominibus
1075 1017 1324 1082 suffixis
1356 1018 1696 1082 formulae:
1749 1040 2012 1105 nynyew
2042 1038 2231 1101 raqos
2261 1039 2327 1079 80
2359 1004 2528 1081 lethe

189 1130 336 1205 (non
366 1135 467 1188 est
497 1147 621 1209 pro
654 1142 718 1187 te
749 1123 1055 1205 occidere)
1088 1127 1230 1200 123,
1265 1129 1322 1187 2.
1360 1124 1586 1208 raqtko
1616 1149 1658 1211 y
1688 1125 1901 1189 bonan
1927 1128 2067 1208 (per
2098 1146 2163 1186 se
2188 1123 2343 1206 ipse,
2375 1124 2526 1186 tulit
2607 1107 2612 1111 ’

189 1231 449 1311 (1010188)
488 1238 553 1306 6,
601 1238 658 1292 1.
707 1230 872 1293 eleth
918 1230 1017 1293 the
1045 1229 1277 1314 ryqtky
1309 1254 1350 1292 a
1378 1231 1522 1315 seff'
1537 1230 1777 1314 (angeli
1807 1252 2018 1318 0018111
2047 1252 2121 1293 88
2150 1240 2346 1306 stant,
2385 1232 2524 1294 Ma-

186 1337 293 1417 ria)
326 1341 475 1413 226,
520 1344 585 1400 3.
639 1358 837 1420 raqon
880 1358 921 1420 3]
953 1356 1148 1419 pesys
1192 1358 1234 1420 3]
1266 1338 1382 1399 das
1414 1341 1554 1419 (pro
1585 1336 1768 1400 nobis
1800 1336 2001 1399 oravit
2030 1346 2275 1418 patrem
2305 1342 2521 1419 suum)

192 1449 242 1518 9,
286 1451 334 1505 l.
383 1466 570 1529 ynny
619 1444 812 1506 bonas
851 1441 1025 1526 yoris‘
1070 1463 1270 1526 rayon
1312 1464 1397 1527 ny
1448 1442 1668 1505 Christ
1706 1464 1745 1504 a
1790 1464 1993 1525 vynne
2023 1441 2120 1523 (in
2165 1464 2259 1519 ea,
2311 1465 2516 1519 cruce,

184 1549 325 1631 poni
351 1571 471 1634 pro
501 1549 696 1613 nobis
721 1548 1013 1612 Christus
1047 1549 1323 1630 volebat)
1354 1554 1496 1622 153,
1532 1553 1591 1609 2.-
1629 1570 1721 1609 ow
1752 1547 1919 1630 hoaef
1935 1548 2220 1631 raqouqh
2250 1571 2349 1632 wy
2366 1571 2521 1630 per-

184 1677 291 1739 nys
321 1659 585 1739 (corpus
619 1676 835 1717 meum
864 1675 978 1737 pro
1008 1652 1184 1717 vobis
1215 1655 1465 1733 datum)
1498 1660 1604 1730 44,
1643 1660 1702 1715 2.
2559 1644 2564 1648 ’

232 1762 233 1765 ’
340 1761 681 1824 Armorica
716 1768 759 1821 'e
790 1759 1000 1821 Buh.:
1051 1759 1233 1821 dirae
1276 1779 1427 1821 roen
1477 1767 1617 1821 tron
1648 1762 1886 1840 (coram
1930 1782 2076 1843 rege
2117 1761 2513 1837 thronorum,

187 1870 408 1948 orare),
458 1868 656 1931 dirae
695 1888 845 1929 roen
885 1866 983 1928 bet
1026 1869 1264 1944 (coram
1306 1886 1452 1946 rege
1495 1864 1750 1945 mundi)
1786 1872 1901 1943 26,
1941 1872 2002 1929 8.
2042 1872 2145 1942 68,
2185 1870 2285 1927 12.
2337 1848 2521 1929 dirae

176 1993 293 2054 pep
335 1975 456 2036 den
491 1977 740 2055 (eoram
787 1970 1061 2054 quovis),
1110 1971 1294 2033 dirae
1336 1992 1421 2033 an
1471 1979 1567 2033 tut
1596 1973 1833 2052 (coram
1877 1971 2273 2054 hominibus)
2309 1979 2412 2049 64,
2451 1980 2511 2034 5.

191 2084 280 2153 76,
319 2085 376 2141 3.
442 2080 778 2160 Frequens
819 2076 1091 2139 formula
1133 2075 1467 2158 loquendi:
1515 2097 1631 2138 rac
1669 2078 1870 2153 drem,
1905 2098 2021 2139 rac
2052 2078 2137 2139 da
2169 2079 2367 2154 drem,
2404 2100 2517 2140 rac

187 2181 289 2245 leoz
330 2186 542 2261 drem,
602 2182 784 2246 dirae
827 2183 950 2246 hon
997 2184 1173 2244 drem
1190 2217 1210 2257 ,
1264 2180 1448 2244 dirae
1486 2180 1605 2243 leoz
1646 2184 1822 2245 drem
1869 2185 2045 2264 (ante
2088 2183 2320 2261 visum,
2364 2195 2515 2247 ante

188 2298 375 2365 tuum,
410 2302 737 2364 nostrum,
774 2298 1058 2350 vestrum
1102 2286 1332 2361 visum,
1365 2286 1411 2348 i.
1449 2309 1505 2349 e.
1541 2288 1781 2363 statim,
1817 2288 2189 2371 illico).‘rac
2217 2311 2284 2352 se
2315 2289 2507 2371 (ideo,

187 2405 421 2476 propter
452 2395 612 2476 1100)
648 2400 749 2470 30,
790 2399 850 2456 2.
893 2398 1036 2469 138,
1082 2399 1407 2473 14.perac
1437 2392 1644 2475 (011τῖ)
1682 2399 1785 2469 56,
1825 2400 1885 2456 8.

338 2502 526 2563 HEP
554 2500 728 2582 (sine
746 2524 765 2575 ;
801 2499 1051 2562 hibern.
1080 2497 1246 2574 sech,
1275 2519 1341 2580 p.
1374 2505 1476 2560 83.
1513 2503 1686 2581 144),
1709 2521 1764 2581 p
1795 2498 2102 2562 destituta
2133 2501 2356 2563 HEB:
2392 2499 2512 2582 hep

186 2607 549 2689 amynaubot
584 2605 701 2689 (gl.
738 2603 875 2668 sine
908 2614 1145 2681 mente,
1180 2627 1326 2687 pars
1356 2605 1558 2686 sedet)
1590 2604 1928 2687 gl.1Ox0n.
1995 2605 2163 2668 Cum
2191 2604 2511 2668 infinitivo

187 2711 415 2793 saepius
468 2711 664 2775 obvia
711 2713 788 2774 fit
839 2709 1205 2793 conjunctio
1254 2709 1326 2773 in
1371 2711 1590 2773 Mab.:
1649 2710 1764 2773 heb
1810 2713 2087 2795 dywanu
2130 2711 2245 2774 neb
2289 2731 2511 2774 arnaw

187 2816 334 2893 (sine
371 2840 649 2881 occursu
693 2816 986 2899 alicujuS,
1023 2815 1182 2898 quin
1227 2825 1581 2878 occurreret
1621 2815 1851 2897 aliquis
1891 2817 1977 2898 ei)
2016 2825 2073 2893 1,
2109 2823 2209 2878 11.
2255 2824 2370 2901 nyt
2397 2818 2516 2879 oed

186 2942 261 2983 un
300 2922 438 2987 hoel
471 2923 598 2987 heb
639 2946 684 3007 y
732 2921 962 2985 lliwaw
1003 2920 1179 2984 alliw
1218 2920 1643 3004 ywerthuawr
1673 2923 1832 3002 (non
1876 2932 2011 2985 erat
2051 2943 2220 2985 unus
2265 2921 2504 2997 clavus,

188 3025 325 3106 quin
353 3039 516 3091 esset
546 3029 869 3092 obductus
899 3028 1102 3116 colore
1130 3025 1350 3108 magni
1377 3025 1594 3108 pretii)
1633 3032 1690 3102 1,
1734 3032 1832 3088 15.

339 3135 502 3197 Cum
530 3132 913 3218 pronomine
939 3132 1207 3195 suffixo:
1243 3130 1648 3215 yscaualwch
1670 3131 1931 3195 hebdam
1954 3133 2037 3216 ef
2055 3132 2346 3214 (societas
2369 3133 2507 3196 sine

187 3241 275 3318 eo)
303 3240 472 3303 Mab.
512 3246 573 3317 2,
617 3246 723 3300 35.

336 3347 526 3409 Corn.
564 3346 797 3408 HEB:
840 3344 953 3407 heb
984 3365 1135 3405 wow
1168 3343 1334 3423 (81118
1364 3342 1651 3423 fremitu)
1685 3346 1864 3406 Pass.
1909 3350 2053 3420 174,
2093 3348 2152 3406 2.
2200 3342 2316 3408 heb
2347 3366 2506 3407 cows

182 3467 283 3527 yer
310 3451 490 3532 (quin
521 3451 765 3514 diceret
793 3450 1083 3530 verbum)
1123 3455 1266 3524 165,
1305 3455 1365 3509 4.

334 3557 582 3620 Armor.
621 3554 848 3617 HEP:
895 3553 1016 3635 hep
1050 3575 1236 3635 span,
1275 3553 1394 3634 hep
1424 3574 1568 3616 mar
1600 3552 1767 3634 (sine
1797 3558 2000 3637 mora)
2034 3554 2207 3618 Buh.
2244 3556 2332 3637 sq.
2384 3555 2505 3637 hep

184 3659 321 3737 3]οαῖ
343 3660 504 3741 (81118
534 3661 892 3735 voluntate,
928 3658 1200 3741 invitus)
1234 3665 1339 3734 46,
1383 3664 1482 3719 13.

334 3765 522 3831 DAN
554 3767 760 3848 (sub),
796 3763 1176 3848 praepositio
1218 3762 1474 3847 propria
1516 3761 1910 3827 britannicae
1953 3762 2213 3847 linguae
2253 3787 2369 3847 pro
2406 3765 2502 3827 hi-

168 3864 340 3944 bern.
357 3871 464 3952 fo,
499 3868 825 3935 associans
869 3869 1012 3945 sibi,
1048 3879 1124 3931 ut
1163 3890 1364 3952 rwny,
1401 3890 1618 3951 praep.
1655 3868 1745 3945 di,
1779 3892 1845 3953 3],
1883 3868 2193 3933 cambrice
2223 3891 2502 3953 praeser-

184 3968 282 4033 tim
310 3973 376 4037 in
404 3974 697 4039 formulis
729 3995 876 4037 cum
904 3972 1385 4057 pronominibus
1417 3973 1688 4038 suffixis,

335 4080 665 4143 Cambriea
697 4080 1019 4162 exempla:
1057 4080 1340 4143 deutroet
1367 4080 1564 4143 owein
1595 4080 1724 4142 dan
1752 4102 1795 4163 3]
1828 4080 1989 4143 bord
2011 4082 2231 4163 (pedes
2257 4079 2344 4143 Ο.
2381 4081 2500 4143 sub

181 4187 404 4266 mensa)
452 4187 632 4248 Mab.
678 4192 705 4246 1
729 4232 749 4260 ,
791 4191 891 4246 33.
945 4185 1281 4269 qobennyd
1332 4187 1459 4248 dan
1505 4206 1674 4266 penu
1727 4208 1769 4269 3]
1822 4184 1948 4248 elin
2004 4184 2329 4269 (pulvinar
2379 4187 2518 4247 sub‘

181 4287 395 4366 angulo
437 4289 630 4353 ulnae
674 4289 839 4372 ejus)
878 4296 933 4365 1,
973 4295 1033 4351 2.
1064 4288 1414 4373 ffynnawn
1459 4291 1721 4353 awelwn
1762 4292 1894 4353 dan
1921 4313 1963 4374 3]
1979 4311 2197 4373 prema
2230 4290 2499 4369 (sontem

178 4386 445 4456 videbam
489 4395 608 4457 sub
647 4395 916 4475 arbore),
951 4396 1126 4479 ydem
1151 4417 1193 4478 3]
1212 4417 1426 4476 prema
1457 4395 1705 4458 hwnnw
1733 4417 1776 4479 3]
1807 4415 1947 4456 mae
1961 4392 2314 4477 ffynnawn
2346 4393 2493 4471 (sub

179 4488 283 4553 hae
309 4497 520 4561 arbore
550 4511 649 4562 est
679 4498 849 4578 fons)
887 4506 943 4575 1,
985 4506 1044 4560 8·

1943 4602 2015 4656 41
2038 4595 2071 4628 '¹‘
