3150 5242
599 372 723 436 860
1024 378 1107 442 V.
1149 384 1208 441 2.
1279 400 1673 444 coMPosrno
1706 398 2115 444 Bm'rAchA
2147 398 2496 442 NOMINUM.

768 546 1182 612 Substantiva
1238 549 1307 612 in
1366 550 1710 632 posteriore
1767 551 1905 613 loco
1958 547 2292 631 compositi
2342 548 2580 621 iterata.
2659 547 2878 610 Cambr.

591 653 791 735 qud
815 654 1114 733 (arboreS,
1152 655 1469 737 collect.):
1505 656 1792 740 ffawyd,
1828 654 2200 739 fflnytwyd
2227 653 2405 738 (fagi,
2453 652 2610 738 pini)
2639 652 2797 714 Mab.
2834 659 2882 727 1,

600 763 658 817 7.
700 761 801 818 29.
839 779 1013 822 corn.
1036 781 1205 841 pren
1237 762 1468 842 (arbor,
1506 761 1820 843 lignum),
1860 761 1946 823 les
1980 760 2226 842 (herba)
2258 758 2327 820 in
2357 757 2707 820 nominibus
2737 757 2886 819 arbo-

594 884 738 924 rum
779 864 882 925 vel
922 864 1260 928 herbarum
1302 866 1371 929 in
1417 868 1695 930 Vocab.:
1732 866 2010 948 pinbren
2044 865 2325 948 (pinus),
2360 865 2632 947 perbren
2662 862 2884 946 (pirus),

575 967 831 1050 ficbren
856 972 1094 1052 (ficus),
1118 971 1430 1054 yuz’nbren
1457 972 1684 1053 (vitis),
1715 971 2046 1056 moyrbren
2072 973 2366 1053 (morus),
2398 970 2676 1032 oleubren
2700 968 2885 1049 (olea),

598 1072 831 1137 boreles
864 1068 1243 1159 (consolida)
1277 1087 1398 1140 eto.

766 1181 977 1263 Magis
1018 1181 1244 1264 digna,
1303 1204 1465 1265 quae
1518 1180 1889 1264 diligentius
1950 1191 2435 1257 enumerentur,
2494 1192 2639 1244 sunt
2683 1179 2890 1242 britan·
2962 1192 2967 1204 ’

593 1284 739 1347 nica
784 1288 1182 1351 substantiva
1234 1310 1339 1364 ea,
1398 1309 1560 1370 quae
1614 1288 1744 1350 sive
1798 1287 1928 1350 sint
1972 1287 2253 1349 obsoleta
2305 1296 2484 1348 extra
2535 1283 2890 1368 compositio-

596 1413 766 1468 nem,
804 1393 935 1455 sive
981 1394 1190 1456 adhuc
1226 1404 1502 1470 exstent,
1538 1397 1620 1457 ob
1649 1392 2138 1475 frequentiorem
2168 1414 2358 1454 usum
2388 1391 2458 1454 in
2491 1392 2751 1456 secundo
2776 1389 2892 1451 loco

596 1498 1087 1582 compositorum
1118 1510 1272 1563 sunt
1299 1501 1427 1563 fere
1458 1510 1533 1562 ut
1562 1499 1869 1561 formulae
1892 1494 2378 1560 derivationum.
2432 1498 2601 1560 Sunt
2623 1491 2893 1578 ejusmodi

597 1624 726 1679 ma,
771 1607 961 1687 qued,
999 1607 1119 1681 bot,
1155 1608 1358 1690 rwyd,
1398 1605 1746 1688 composita
1787 1626 1935 1666 cum
1979 1603 2394 1666 substantivis
2434 1604 2539 1666 vel
2583 1598 2891 1685 adjectiviS,

598 1730 760 1791 quae
804 1712 884 1773 ob
930 1721 1340 1794 conspectum
1371 1712 1490 1774 hoc
1521 1732 1653 1773 uno
1683 1711 1822 1807 1000
1852 1710 2318 1773 consociantur.
2385 1709 2599 1772 Etiam
2628 1703 2898 1789 adjectiva

598 1817 909 1895 quaedam
950 1817 1261 1900 ejusmodi
1304 1817 1673 1900 composita,
1710 1827 1785 1879 ut
1821 1816 1945 1892 eid,
1986 1816 2083 1891 li,t
2117 1815 2379 1877 omnino
2408 1814 2480 1877 in
2509 1833 2736 1877 munus
2764 1807 2899 1872 deri-

597 1919 869 1984 vationis
900 1923 1317 2000 transeuntia,
1356 1924 1584 1986 addere
1615 1943 1970 2005 congruum
2001 1921 2274 1984 videtur.

771 2027 905 2089 MA
952 2029 1194 2110 (locus,
1246 2050 1313 2111 p.
1355 2035 1414 2106 5,
1459 2036 1616 2103 1573
1664 2029 1899 2090 cambr.
1951 2027 2100 2089 hod.
2153 2026 2319 2110 fa):
2369 2026 2657 2089 enarima
2699 2023 2802 2106 (gl.
2846 2019 2902 2082 in

598 2151 835 2212 agone3
870 2133 995 2215 leg.
1034 2157 1110 2197 en
1141 2133 1352 2196 airma
1366 2137 1428 2217 2)
1460 2134 1549 2215 gl.
1586 2134 1750 2196 be.
1788 2134 2075 2217 diqatma
2107 2132 2222 2214 (gl.
2259 2153 2426 2208 area,
2458 2133 2548 2216 gl.
2585 2129 2798 2209 circus)
2825 2124 2898 2207 gl

601 2236 841 2313 Oxon.,
870 2239 1036 2321 plur.
1068 2239 1358 2302 airmaou
1384 2239 1499 2320 (gl.
1529 2238 1842 2301 machide.
1880 2287 1892 2301 .
1916 2263 1934 2314 3
1971 2238 2015 2300 i.
2046 2260 2102 2300 e.
2132 2237 2255 2300 loci
2282 2260 2564 2321 pugnae,
2594 2235 2713 2310 air,
2740 2230 2903 2309 acies)

599 2340 687 2422 gl.
739 2343 903 2405 be.
925 2391 945 2419 ,
994 2344 1424 2428 irde'qatmaou
1467 2345 1583 2427 (gl.
1634 2344 1849 2425 circi),
1900 2343 2319 2426 quaroimaou
2363 2342 2495 2426 (gl.
2533 2340 2791 2419 theatra)
2827 2334 2899 2417 gl·

598 2446 810 2509 Oxon.
875 2449 959 2510 In
989 2450 1149 2513 libro
1182 2451 1468 2512 Landav.
1493 2472 1507 2511 :
1532 2449 1897 2532 poquz'sma,
1920 2448 2222 2529 pouisma
2255 2448 2461 2530 (locus
2493 2444 2745 2530 quietis)
2776 2445 2899 2511 249,

597 2564 843 2616 servata
859 2564 1110 2618 vetusta
1127 2555 1490 2639 scriptione,
1512 2556 1622 2616 sed
1638 2554 1831 2616 etiam
1845 2553 2148 2635 :pouisua
2171 2560 2285 2614 149
2299 2601 2313 2614 .
2343 2558 2609 2635 aperua,
2631 2549 2906 2633 discynua

600 2659 803 2738 (locus
851 2662 1212 2745 adplicandi
1256 2645 1478 2743 naves)
1518 2667 1660 2722 113.
1705 2667 1846 2722 135.
1897 2668 2057 2723 nant
2095 2659 2123 2720 i
2141 2659 2539 2743 yuolchitua,
2567 2654 2907 2742 quolchetua

602 2763 863 2845 (nomen
905 2767 1116 2848 vallis)
1151 2773 1297 2828 240.
1364 2768 1419 2829 Ε
1465 2768 1682 2829 Mab.:
1736 2788 1933 2828 aerua
1974 2765 2176 2846 (locus
2215 2764 2468 2847 proelii)
2509 2771 2567 2841 3,
2609 2755 2746 2822 102.
2788 2761 2905 2818 195.

600 2873 787 2935 belua
819 2873 1021 2952 (locus
1066 2871 1450 2954 venationis)
1486 2880 1545 2948 2,
1589 2881 1647 2933 7.
1682 2871 1989 2955 pebyllua
2022 2870 2224 2950 (locus
2268 2868 2512 2951 figendi
2547 2863 2828 2943 tentoria)
2859 2865 2905 2933 3,

604 2982 749 3038 272.
814 2977 1008 3038 Corn.
1038 2999 1051 3038 :
1105 2986 1315 3059 treyva
1348 2976 1714 3058 (habitatio)
1752 2979 1929 3038 Pass.
1969 2981 2115 3049 213,
2157 2980 2215 3036 2.
2282 2975 2622 3037 Interdum
2652 2979 2744 3033 est
2768 2984 2912 3029 mere

601 3084 950 3146 abstractae
981 3080 1463 3163 significationis
1496 3092 1559 3142 et
1584 3080 1867 3143 obtinere
1891 3080 2143 3143 videtur
2163 3102 2278 3162 pro
2304 3080 2432 3142 -bot
2449 3107 2469 3141 .-
2502 3103 2546 3164 y
2575 3079 2694 3140 llas
2718 3072 2910 3136 lladua

597 3210 778 3251 uawr
819 3188 1160 3269 obobpartlz
1192 3186 1386 3267 (facta
1429 3195 1526 3249 est
1568 3208 1804 3268 magna
1846 3186 2052 3248 caesio
2091 3185 2161 3246 in
2206 3195 2475 3265 utraque
2521 3185 2725 3267 parte)
2756 3176 2905 3240 Mab.

600 3301 661 3370 3,
701 3300 843 3355 195.
880 3314 1054 3355 corn.
1091 3294 1230 3356 olva
1261 3292 1689 3373 (lamentatio)
1723 3294 1904 3355 Pass.
1938 3299 1998 3366 4,
2033 3296 2092 3352 2.
2130 3290 2386 3352 asethva
2420 3288 2665 3369 (sessio,
2701 3283 2907 3348 cambr-

601 3399 751 3461 hod.
788 3399 1175 3480 eisteddfod)
1214 3404 1357 3473 143,
1396 3404 1457 3459 4.
1493 3399 1771 3480 redeyua
1803 3397 1916 3479 (gl.
1956 3397 2206 3475 cursus)
2238 3394 2477 3457 Vocab.

773 3503 1024 3567 GUED
1057 3503 1285 3585 (qwed,
1334 3503 1558 3577 forma,
1603 3504 1855 3577 modus,
1890 3502 2067 3564 Mab.
2107 3505 2166 3575 2,
2208 3505 2310 3561 60.
2352 3504 2410 3574 3,
2450 3505 2511 3559 9.
2558 3520 2640 3583 yr
2667 3507 2749 3559 τίη
2776 3489 2909 3562 wod,

600 3612 821 3674 eodem
861 3608 1072 3683 modo,
1117 3615 1174 3682 1,
1213 3613 1332 3668 279
1354 3632 1373 3681 ;
1422 3606 1574 3668 hod.
1606 3610 1837 3689 ywedd
1877 3608 2082 3688 fem.).
2149 3605 2445 3668 Cambr.:
2498 3600 2789 3685 clutqued
2812 3592 2908 3676 (gl-

599 3719 856 3797 strues),
896 3713 1220 3794 onquedou
1251 3712 1365 3793 (gl.
1403 3716 1575 3792 exta)
1608 3713 1698 3794 31.
1735 3714 1946 3775 Oxon.
2016 3712 2198 3772 Inter
2227 3711 2478 3771 easdem
2510 3704 2779 3771 occurrit
2804 3696 2910 3779 adj.

569 3819 797 3900 ,deriv.
845 3818 1013 3901 plur.
1049 3815 1538 3899 rinquedaulion
1571 3816 1686 3898 (gl.
1723 3820 1978 3895 arcana)
1995 3863 2014 3891 ,
2050 3815 2120 3876 in
2151 3816 2330 3877 Mab.
2368 3815 2535 3897 sing.
2574 3798 2920 3873 rinwedawl

602 3928 669 4009 (y
711 3926 936 4007 dwuyr
974 3920 1349 3984 rinwedawl
1387 3921 1658 3997 kwnnw,
1697 3942 1861 4002 aqua
1907 3920 2065 3982 haec
2095 3923 2350 4002 arcana)
2386 3926 2446 3996 3,
2486 3925 2635 3994 301,
2672 3939 2705 3978 e
2735 3913 2911 3976 subst.

600 4030 848 4093 rinwed
876 4028 1103 4109 (virtus
1141 4028 1402 4108 arcana)
1449 4025 1700 4109 saepius
1744 4024 1983 4087 ibidem
2026 4023 2232 4100 obvi0,
2280 4024 2432 4087 hod.
2479 4018 2828 4091 rhinwedd,
2856 4021 2917 4074 ut

602 4136 893 4199 tarwedd
918 4131 1380 4215 (fermentatio,
1418 4132 1496 4193 cf.
1533 4154 1599 4215 p.
1640 4135 1816 4214 823).
1900 4179 1903 4182 .

769 4242 1002 4303 Corn.:
1037 4237 1338 4322 fynwetlz
1377 4237 1582 4318 (finis)
1617 4239 1799 4299 Pass.
1841 4243 1986 4312 212,
2027 4243 2087 4298 4.
2153 4236 2405 4298 Α111101.
2434 4257 2448 4297 :
2480 4234 2711 4318 finuez
2742 4223 2916 4310 (finis)

601 4347 775 4409 Buh.
816 4351 917 4421 72,
963 4351 1060 4405 14.
1105 4350 1248 4418 104,
1289 4348 1348 4403 5.
1395 4349 1535 4418 146,
1579 4349 1637 4403 5.
1675 4344 1900 4405 dezuez
1932 4342 2120 4424 (dies)
2160 4344 2302 4416 102,
2342 4346 2441 4401 18:
2481 4331 2772 4401 bloizzuez
2801 4333 2918 4412 (an-

600 4455 753 4532 nus)
789 4455 934 4526 204,
974 4454 1076 4511 21.
1118 4449 1364 4511 dannez
1396 4448 1710 4527 (materia,
1747 4446 1954 4530 copia)
1994 4453 2136 4523 166,
2180 4452 2277 4507 18.
2321 4450 2465 4521 172,
2503 4449 2609 4505 20.
2652 4446 2794 4515 204,
2829 4438 2915 4494 20·
