3150 5242
596 380 717 440 700
764 376 773 381 ’
1090 381 1211 443 IV.
1252 386 1310 442 3.
1376 398 1908 444 comuNc'rmNEs
1942 396 2418 440 BRITANNICAE.

592 560 780 611 aucta
809 549 1041 612 DRES
1090 548 1407 631 significat
1445 548 1557 610 lat.
1594 557 1668 610 ut
1708 547 1943 608 ibidem
1975 553 2077 622 68,
2117 552 2188 607 4:
2234 569 2278 629 y
2321 568 2603 628 nynqens
2645 567 2786 629 qyw
2817 545 2927 636 the

592 654 826 736 wetlzyl
861 655 1005 716 drea
1045 678 1088 739 y
1134 675 1375 738 vymzas
1419 655 1579 735 (non
1625 662 1806 715 erant
1843 651 2087 713 habiles
2131 651 2214 712 ad
2255 650 2650 726 faciendum,
2699 660 2773 713 ut
2809 671 2922 712 vo·
2965 709 2979 718 ,

591 758 858 838 lebant).

762 864 903 926 YM
929 862 1145 944 (circa)
1171 872 1234 925 et
1263 863 1452 925 RAG
1477 864 1785 944 (propter)
1811 860 2197 924 causativae:
2238 859 2339 923 the
2369 861 2456 922 du
2484 883 2570 943 ny
2596 860 2749 943 yotk
2780 859 2923 944 tkys

595 976 860 1051 temptye
896 990 1003 1051 ym
1031 969 1158 1049 [1εό
1204 990 1368 1030 onan
1401 989 1442 1029 a
1470 967 1748 1050 sperisys
1781 966 1987 1048 lemyn
2001 974 2192 1046 prest
2217 989 2258 1049 y
2290 965 2521 1027 honore
2551 968 2711 1046 (non
2741 965 2921 1047 opor-

594 1083 685 1134 tet
715 1081 776 1134 te
807 1074 997 1134 deum
1022 1084 1205 1135 tuum
1230 1083 1495 1147 tentare,
1523 1093 1676 1133 nam
1699 1070 1965 1151 quisque
1990 1069 2331 1151 spirituum
2352 1092 2526 1131 nunc
2550 1079 2810 1150 paratus
2834 1071 2921 1131 ad

594 1199 743 1240 eum
784 1178 1252 1259 honorandum)
1287 1180 1364 1240 P.
1407 1184 1479 1238 15
1498 1225 1517 1252 ,
1558 1180 1617 1237 2.
1680 1175 2026 1257 dretkouqk
2079 1174 2223 1258 why
2267 1174 2515 1237 bethem
2563 1172 2764 1256 letkys
2802 1194 2921 1256 ray

590 1305 758 1367 ymno
799 1304 896 1344 me
939 1305 1023 1367 ny
1056 1282 1237 1365 qaffi
1266 1284 1435 1367 Scyle
1464 1304 1573 1344 vas
1604 1303 1751 1364 may
1764 1281 1852 1362 fo
1884 1281 2193 1363 dampnys
2226 1282 2364 1361 (per
2393 1300 2504 1341 vos
2535 1279 2619 1341 sit
2650 1278 2913 1354 occisuS,

592 1410 743 1450 110111
783 1389 854 1450 111
897 1409 969 1450 00
1014 1409 1130 1471 ego
1158 1410 1290 1450 non
1320 1384 1721 1450 inireniebam
1753 1406 2008 1448 causam
2036 1386 2293 1460 bonam,
2329 1395 2404 1446 ut
2434 1386 2917 1466 condemnetur)

600 1498 742 1569 142,
785 1500 843 1555 3.
883 1501 942 1555 4.
996 1502 1052 1555 te
1089 1515 1190 1576 yw
1235 1493 1377 1555 dall
1410 1514 1529 1575 ray
1554 1513 1754 1574 qenen
1786 1491 1986 1575 creyis
2017 1491 2132 1553 neb
2163 1512 2227 1553 es
2258 1491 2378 1552 den
2404 1489 2562 1570 qlan
2590 1511 2691 1572 yw
2724 1491 2825 1569 (tu
2853 1511 2918 1551 es

592 1619 837 1674 coecus,
874 1598 1292 1674 calumnians,
1330 1598 1479 1679 quia
1520 1596 1633 1679 qui
1674 1617 2019 1678 suspensus
2061 1604 2158 1659 est
2197 1595 2530 1657 nobiscum
2558 1593 2655 1656 vir
2683 1595 2917 1676 probus

594 1703 718 1782 est)
757 1705 898 1777 192,
939 1706 997 1763 2.

761 1806 1245 1869 Armoricae.
1296 1809 1481 1870 DRE
1517 1810 1682 1891 (per)
1713 1806 1913 1868 forma
1943 1806 2213 1888 simplex
2242 1828 2373 1868 una
2401 1827 2548 1867 cum
2576 1815 2742 1887 part.
2779 1826 2919 1868 maz

592 1921 689 1972 est
730 1910 1211 1991 significationis
1257 1913 1615 1975 causativae
1659 1915 1752 1994 (p.
1794 1915 1983 1991 691);
2018 1912 2219 1973 forma
2261 1922 2447 1972 aucta
2483 1912 2725 1974 DREZ
2774 1933 2918 1974 con-

591 2017 809 2077 cordat
853 2037 999 2076 cum
1028 2037 1201 2078 corn.
1238 2018 1370 2093 dre,
1409 2019 1552 2080 dre-5
1585 2019 1788 2098 (dum,
1826 2016 2153 2099 quamdiu,
2188 2020 2325 2097 ut):
2378 2017 2525 2078 drez
2553 2016 2784 2098 vizimp
2817 2018 2920 2079 beo

594 2119 927 2201 (quamdiu
979 2120 1212 2183 erimus
1257 2122 1412 2202 vivi)
1453 2123 1626 2186 Buh.
1668 2127 1769 2198 52,
1812 2129 1911 2184 15.
1974 2123 2202 2185 drezoa
2243 2104 2445 2201 defffii
2476 2121 2785 2202 proficiet
2822 2124 2923 2204 (ut

592 2235 689 2287 est
718 2224 1134 2307 praedictum,
1171 2225 1477 2308 eligamus
1509 2229 1683 2307 eum)
1723 2234 1864 2303 184,
1903 2234 1963 2289 6.

762 2330 939 2392 RAC
971 2340 1045 2391 ut
1085 2331 1334 2393 comica
1373 2331 1754 2414 praepositio
1794 2334 2043 2395 eadem:
2094 2331 2343 2394 meeber
2387 2353 2465 2393 no
2510 2353 2677 2393 neure
2704 2339 2853 2413 quet
2878 2355 2921 2394 a

592 2435 824 2497 roedou
865 2456 979 2497 rac
1019 2457 1173 2497 voar
1211 2458 1295 2498 an
1325 2438 1518 2518 placo
1562 2438 1749 2499 donet
1788 2459 1828 2498 α
1873 2438 2001 2520 duy
2040 2437 2186 2498 bras
2216 2436 2302 2498 Ιια
2333 2435 2523 2498 bikan
2557 2437 2910 2515 (damnum,

593 2540 761 2621 quod
805 2560 935 2601 11011
979 2541 1285 2603 habemus
1331 2541 1510 2616 retia,
1546 2562 1697 2602 nam
1727 2540 1795 2602 in
1825 2541 1999 2602 hunc
2028 2541 2239 2630 locum
2269 2540 2529 2602 venient
2558 2550 2829 2624 magnae
2857 2551 2922 2604 et

589 2667 841 2727 parvae,
879 2646 1071 2727 ferae)
1105 2648 1276 2709 Buh.
1318 2653 1420 2723 32,
1464 2654 1563 2708 14.
1607 2654 1705 2708 15.
1749 2654 1848 2709 16.
1898 2647 2023 2710 reit
2061 2669 2137 2709 en
2167 2654 2302 2709 mat
2330 2670 2400 2708 oz
2432 2646 2779 2730 bem'yaden
2810 2670 2920 2709 rac

594 2751 793 2813 dreist
817 2773 948 2832 pep
985 2773 1111 2831 pen
1155 2751 1270 2813 koz
1303 2752 1605 2835 youlener
1647 2753 1818 2832 (date
1860 2753 2022 2815 bene
2066 2760 2343 2813 vestram
2384 2737 2911 2827 benedictionem,

590 2878 743 2917 nam
787 2877 979 2937 supra
1021 2875 1276 2917 omnem
1317 2877 1450 2917 rem
1482 2855 1801 2936 jubemini
1845 2859 1981 2935 vos)
2020 2860 2162 2931 122,
2203 2861 2262 2916 8.
2301 2862 2361 2917 9.
2428 2856 2765 2918 Formulae
2807 2879 2920 2919 rac

589 2980 731 3021 maz
764 2959 1003 3041 (quia),
1040 2960 1432 3022 consociatae
1475 2970 1551 3021 ut
1595 2961 1709 3022 dre
1753 2983 1893 3023 maz
1926 2964 2039 3042 (=
2079 2961 2236 3022 ἄνθη
2252 2982 2377 3041 pez
2406 2981 2569 3036 maz,
2605 2982 2718 3042 per
2761 2984 2914 3037 rem,

591 3084 737 3144 qua,
760 3061 804 3123 i.
827 3084 883 3124 e.
914 3062 1091 3144 quia)
1117 3074 1180 3125 et
1201 3072 1392 3146 quent
1412 3085 1554 3125 maz
1575 3066 1790 3144 (antea
1814 3086 2025 3145 quam,
2047 3063 2091 3126 i.
2115 3086 2171 3126 e.
2206 3067 2599 3146 antequam),
2631 3068 2921 3149 exempla

582 3167 720 3249 jam
748 3166 939 3230 allata
970 3179 1121 3231 sunt
1152 3171 1243 3251 (p.
1284 3172 1458 3250 691).
1509 3169 1602 3231 Ut
1631 3169 1700 3230 in
1731 3169 1848 3230 1100
1878 3169 2181 3231 armorica
2210 3177 2399 3251 quent
2425 3189 2591 3245 maz,
2624 3170 2820 3233 etiam
2850 3171 2921 3233 in

590 3272 840 3334 cornica
879 3274 1042 3357 kyns
1084 3295 1159 3358 ys
1192 3273 1394 3355 (prius
1433 3277 1675 3356 quam),
1713 3296 1859 3335 cum
1889 3273 2200 3356 particula
2229 3273 2463 3335 usitata
2493 3285 2638 3356 post
2668 3297 2919 3358 compa-

591 3390 708 3440 rat.
743 3400 843 3461 ys,
878 3378 1247 3441 adverbium
1277 3390 1372 3442 est
1400 3379 1614 3462 potius
1645 3380 2058 3443 statuendum
2089 3399 2284 3460 quam
2310 3377 2697 3459 conjunctim
