3150 5242
623 397 747 457 950
1032 399 1149 461 VI.
1192 405 1250 460 2.
1319 419 1770 463 coNSTRnc‘rlo
1802 417 2078 461 Pos'rch
2114 414 2545 461 BRITANNJCA.

631 568 800 649 quod
858 568 1023 631 inter
1065 568 1410 632 vetustiora
1457 569 1662 651 primo
1707 570 1845 631 loco
1884 569 2146 652 ponitur
2187 570 2466 655 (Myvyr.
2514 566 2708 629 Arch.
2765 572 2836 640 1,
2876 567 2949 645 1),

630 672 905 755 exempli
938 683 1067 734 tam
1097 674 1458 737 vetustioris
1492 697 1684 756 quam
1715 675 2038 759 amplioris
2071 696 2258 737 causa
2288 673 2578 757 inprimis
2603 671 2708 734 hic
2731 691 2954 733 memo-

632 781 904 842 randum
948 790 1065 853 est,
1104 779 1391 860 quamvis
1429 781 1559 843 sint
1592 782 1805 843 omnia
1835 781 1991 843 haec
2021 792 2295 855 vetusta,
2334 802 2463 843 non
2495 789 2741 842 servata
2773 776 2844 839 in
2873 797 2958 837 co-

636 884 880 946 dicibus
913 884 1303 966 aequalibUS,
1336 885 1404 946 in
1434 887 1850 948 recentiorem
1875 887 2388 969 orthographiam
2415 884 2852 966 transscripta,
2879 882 2960 943 in-

636 992 884 1052 terdum
921 989 1094 1051 haud
1124 989 1314 1052 dubie
1345 1013 1382 1053 a
1414 992 1893 1067 recentioribus,
1930 993 2276 1054 vetustiora.
2305 1014 2436 1054 non
2467 989 2962 1072 intelligentibus

635 1107 721 1170 et,
758 1108 829 1156 ut
873 1097 969 1170 fit,
1007 1095 1075 1155 in
1120 1095 1409 1158 habitum
1455 1098 1869 1160 recentiorem
1911 1096 2527 1173 transformantibus,
2565 1098 2835 1159 alterata
2879 1094 2963 1156 vel

637 1200 1037 1282 interpolata.

810 1307 1099 1369 Primum
1144 1308 1333 1370 offero
1374 1309 1611 1392 primos
1643 1309 1940 1371 carminis
1971 1331 2210 1383 νει-5118,
2248 1331 2406 1391 quos
2437 1310 2516 1372 ob
2546 1308 2964 1371 assonantiam

638 1415 972 1489 initialem,
1024 1434 1184 1495 quae
1227 1413 1547 1478 interdum
1597 1415 1852 1496 quidem
1902 1425 1999 1476 est
2040 1415 2417 1489 consociata,
2468 1414 2720 1496 saepius
2765 1425 2965 1477 tamen

635 1543 747 1603 per
807 1523 934 1583 duo
990 1520 1273 1581 membra
1327 1521 1788 1602 contraposita,
1840 1531 1905 1582 et
1961 1520 2110 1602 quia
2155 1520 2321 1582 binis
2372 1520 2709 1596 membris,
2762 1520 2832 1583 id
2887 1528 2965 1580 est

649 1662 777 1670 -——

645 1714 1000 1776 Brittanniae,
1033 1714 1089 1765 id
1127 1719 1226 1775 est,
1258 1712 1448 1765 Umbri
1485 1713 1665 1775 mariS‚
1696 1719 1750 1765 et
1773 1714 2022 1780 regnavit
2044 1715 2200 1767 annis
2225 1715 2509 1768 duodecim
2536 1721 2590 1767 et
2615 1712 2819 1766 struxit
2843 1712 2966 1765 Din-

638 1798 834 1868 9uaroi
863 1796 1337 1850 Guarthberneieh.
1379 1798 1529 1850 Tunc
1555 1797 1820 1865 Dutiyirn
1847 1797 1901 1849 in
1927 1798 2022 1850 illo
2049 1806 2289 1869 tempore
2314 1799 2527 1852 fortiter
2546 1800 2838 1852 dimicabat
2857 1814 2964 1851 con-

639 1892 721 1936 tra
749 1892 964 1953 gentem
992 1882 1315 1951 Anglorum.
1368 1883 1560 1934 Tunc
1596 1882 1932 1935 Talhaern
1973 1883 2339 1951 Cataguen
2389 1885 2524 1953 inp
2543 1889 2818 1951 oemate
2853 1884 2964 1935 cla·

639 1969 787 2021 ruit
836 1977 903 2021 et
947 1969 1193 2021 Neirin
1241 1968 1612 2037 [Aneurin]
1650 1974 1719 2020 et
1752 1967 2113 2019 Taliessin
2163 1986 2192 2020 e
2213 1975 2235 2020 t
2271 1969 2627 2022 Bluchbar
2675 1978 2743 2021 et·
2778 1969 2958 2028 Ciam

643 2054 757 2124 qui
794 2061 1086 2105 vocatur
1124 2052 1739 2114 Guenith·Guaut‚
1782 2052 1984 2105 simul
2032 2071 2165 2105 uno
2203 2061 2510 2125 tempore
2545 2055 2617 2107 in
2653 2060 2966 2124 poemate

641 2138 1053 2191 britannico
1092 2133 1563 2190 clai-ue1·unt.”

782 2224 911 2275 Idae
950 2223 1108 2292 primi
1131 2222 1568 2276 Nordbumbriae
1605 2220 1747 2290 regis
1785 2220 1998 2274 initium
2038 2221 2102 2273 in
2122 2222 2387 2275 Chronico
2424 2224 2681 2277 saxonico
2709 2224 2778 2276 ad
2801 2242 2849 2276 a.
2879 2226 2962 2274 547

643 2316 883 2361 notatur.
924 2308 1189 2377 Dutiyirn
1220 2308 1394 2377 (niger
1431 2307 1705 2376 dominus)
1733 2323 1931 2358 nomen
1969 2323 2086 2358 esse
2120 2307 2344 2377 vulgare
2369 2310 2610 2379 ejusdem
2636 2309 2800 2378 regi8‚
2829 2308 2964 2376 cujus

641 2394 918 2463 proprium
945 2399 1059 2445 erat
1089 2394 1370 2454 Guotoclin,
1402 2392 1800 2461 conjiciendum
1826 2400 1925 2445 est.
1978 2392 2045 2444 In
2068 2393 2123 2445 N
2125 2394 2271 2445 ennii
2295 2393 2415 2447 loco
2440 2395 2599 2464 posui
2622 2394 2823 2446 strum
2843 2392 2963 2444 Din-

640 2480 837 2547 (suaroi
865 2479 1320 2531 Gaartlzberneich
1346 2496 1443 2547 pro
1471 2484 1756 2545 corrupto:
1797 2476 1951 2528 unxit
1973 2475 2325 2547 Dz‘nquayrdi
2353 2480 2829 2532 Gaurthberneich.
2877 2477 2964 2529 Est

647 2565 788 2616 enim
805 2563 1117 2634 Dz‘nyuaroi
1138 2581 1334 2615 nomen
1362 2562 1687 2615 cambricum
1714 2561 1874 2614 castri
1901 2562 2179 2614 Berniciae
2205 2563 2495 2634 superioris
2525 2563 2746 2633 (cambr.
2763 2562 2959 2633 quarela,

646 2651 844 2720 superl.
871 2651 1177 2718 qum-tham,
1208 2657 1499 2712 extremus,
1529 2666 1583 2717 p.
1615 2652 1734 2700 656.
1765 2647 1907 2716 657),
1939 2647 2086 2715 quod
2123 2648 2333 2716 anglice
2370 2649 2570 2703 dicitur
2603 2649 2957 2714 Bebbanburq,

648 2736 777 2789 hod.
800 2735 1200 2802 Bamborouyh‚
1223 2742 1287 2785 ut
1309 2740 1461 2802 patet
1486 2750 1515 2785 e
1540 2750 1670 2784 mox
1694 2721 2209 2801 infra‘sequentibus
2234 2751 2319 2803 ap.
2342 2734 2398 2785 N
2399 2733 2653 2787 ennium=
2678 2731 2961 2786 “Eadfered

647 2819 800 2872 dedit
837 2819 996 2871 uxori
1034 2836 1161 2870 suae
1185 2819 1527 2887 Dz'nquaroy,
1559 2835 1698 2887 quae
1732 2823 1955 2871 vocatur
1979 2817 2182 2881 Bebba‚
2222 2825 2278 2870 et
2314 2818 2381 2870 de
2405 2817 2624 2871 nomine
2651 2837 2777 2873 suae
2800 2815 2961 2871 uxoris

647 2905 884 2973 suscepit
920 2921 1135 2967 nomen,
1166 2903 1223 2956 id
1248 2910 1346 2966 est,
1377 2899 1831 2956 Bebbanburch.''
1886 2902 2027 2955 Sunt
2051 2902 2211 2954 etiam
2236 2902 2456 2955 nomina
2479 2906 2760 2971 poetarum
2783 2904 2836 2955 in
2858 2901 2959 2954 loco

648 2990 741 3042 illo
781 2991 833 3041 N
837 2988 982 3041 ennii
1027 2995 1324 3040 memoratu
1365 2988 1533 3056 digno
1573 2988 1696 3056 plus
1734 2987 1820 3039 vel
1856 2987 2035 3038 minus
2075 2994 2356 3056 corrupta:
2396 2986 2611 3052 Neirin,
2643 2989 2713 3041 al.
2751 2985 2954 3046 Nuevin,

647 3073 793 3125 haud
820 3073 984 3125 dubie
1010 3091 1106 3142 pro
1131 3072 1395 3125 Aneurin.
1449 3074 1496 3124 E
1525 3072 1743 3124 nomine
1767 3072 2047 3125 Bluclzbar
2070 3072 2410 3141 transpositis
2435 3072 2607 3125 literis
2639 3073 2814 3143 prodit
2835 3069 2955 3122 Lub-

651 3160 829 3221 barch,
860 3159 1015 3228 cujus
1052 3157 1318 3211 recentior
1356 3157 1575 3226 scriptio
1616 3163 1698 3209 est
1722 3157 2011 3225 Llywarch
2038 3156 2417 3224 (Lyuarchhen
2438 3157 2554 3226 jam
2578 3157 2953 3225 transscriptum

649 3244 851 3313 legitur
884 3243 942 3294 in
978 3243 1116 3295 libro
1142 3243 1315 3295 Land.
1352 3246 1447 3295 138
1479 3242 1535 3293 in
1571 3241 1933 3310 descript-ione
1972 3241 2089 3309 agri
2126 3259 2155 3293 e
2193 3246 2433 3310 tempore
2468 3242 2708 3312 episcopi
2746 3236 2953 3293 Oudocei

650 3328 851 3381 saeculi
899 3328 1038 3381 sexti
1090 3329 1339 3381 exeuntis
1356 3368 1369 3393 ,
1411 3327 1468 3378 in
1506 3325 1897 3378 recentioribus
1934 3325 2133 3377 chartis
2166 3325 2268 3377 viri
2304 3342 2500 3378 nomen
2540 3325 2830 3379 Leumarch
2853 3325 2946 3382 2⁰5,

649 3415 954 3466 Loumarch
992 3417 1091 3465 230
1108 3453 1120 3477 ,
1161 3413 1439 3483 quaeritur
1476 3428 1608 3463 num
1647 3410 1789 3463 idem
1807 3449 1821 3474 ,
1864 3428 1934 3462 an
1973 3410 2286 3479 diversum).
2333 3411 2571 3464 Nomina
2607 3408 2879 3464 Talhaiarn
2906 3412 2951 3456 et

657 3500 793 3551 Cian
819 3500 980 3551 etiam
1007 3499 1153 3569 apud
1177 3499 1384 3552 Bardos
1409 3503 1653 3551 vetustos
1677 3503 2062 3548 memorantur.

786 3585 1061 3653 Regiones
1100 3585 1318 3637 eaedem
1353 3582 1804 3653 septentrionales
1844 3587 2211 3632 memorantur
2244 3580 2301 3632 in
2335 3581 2586 3633 carminis
2611 3577 2839 3648 inscripti
2865 3576 2947 3625 Go-

650 3670 805 3723 dodin
829 3670 1084 3739 strophis,
1116 3687 1252 3738 quae
1279 3668 1583 3721 Caeaucum
1611 3666 1901 3728 celebrant,
1932 3665 2143 3718 duabus
2167 3666 2557 3736 posterioribus
2582 3666 2688 3720 ita:

1276 3772 1335 3823 Y
1333 3777 1354 3823 t
1375 3769 1543 3839 dyffei
1575 3769 1785 3838 Wyned
1805 3786 1838 3819 a
1871 3767 2109 3836 Goyledd
2130 3767 2181 3819 ei
2199 3784 2341 3819 rann

1276 3875 1306 3907 ο
1327 3856 1517 3924 yyssul
1538 3854 1659 3905 mab
1691 3853 1964 3922 Ysyyran.

647 3959 1065 4030 “congregabat
1097 3958 1399 4012 Venedotia
1434 3963 1490 4008 et
1527 3955 1836 4025 Septentrio
1883 3954 1939 4024 (i.
1980 3973 2027 4007 e.
2068 3954 2343 4025 Cumbria)
2388 3972 2541 4007 suam
2577 3961 2772 4024 partem
2801 3950 2940 4019 (suum

2293 4039 2577 4110 populum)

654 4130 879 4184 consilio
906 4129 1002 4183 filii
1031 4125 1316 4184 Scirani.''·

1279 4229 1641 4299 Cwydeipym
1655 4235 1893 4299 pymunt
1914 4246 2007 4280 rac
2027 4246 2065 4296 y
2094 4228 2349 4296 llafnawr

1269 4336 1299 4367 o
1324 4333 1440 4383 wyr
1463 4316 1671 4382 Dewyr
1694 4333 1728 4365 a
1755 4313 2031 4382 Bryneich
2055 4313 2354 4381 dychrawr.

1105 4417 1471 4472 “Ceciderunt
1495 4418 1738 4486 quinque
1763 4423 1972 4468 turmae
1998 4431 2176 4467 coram
2203 4416 2320 4484 ejus
2347 4415 2546 4468 lamina

1108 4505 1346 4559 virorum
1373 4503 1572 4556 Deiras
1599 4508 1654 4555 et
1679 4500 1958 4555 Berniciae
1984 4498 2273 4553 ferorum.”
