3150 5242
676 399 791 462 IV.
831 404 889 460 2.
949 418 1512 463 PRAEPOSITIONES
1543 418 2017 464 erAchAr..
2386 399 2509 462 637

177 590 375 646 earne,
406 567 480 631 in
514 567 836 651 sanguine
866 569 1114 650 vivens)
1142 574 1287 646 256,
1318 571 1380 631 4.
1413 592 1455 653 y
1482 569 1538 632 le
1567 592 1716 654 may
1748 568 1892 632 then
1917 568 2014 649 (in
2034 567 2213 644 lociS,
2243 567 2357 631 ubi
2378 590 2512 631 era·

178 678 338 754 mus)
378 680 483 749 79,
527 681 592 735 3.
654 677 825 737 dowr
867 674 952 737 Ῐια
989 696 1146 758 yoys
1188 697 1231 759 y
1276 673 1584 736 kemeskzls
1616 678 1808 756 (aqua
1851 686 1915 737 et
1959 674 2219 756 sanguis
2248 674 2319 736 in
2347 674 2508 736 mix-

179 777 366 859 tione)
403 785 512 855 58,
554 786 622 840 4.
675 802 760 862 yn
804 779 958 863 neff
972 778 1186 860 treqtls,
1223 777 1291 841 in
1320 782 1448 864 nef
1466 779 1657 863 treyis
1690 779 1784 861 (in
1815 781 2061 842 eoelum
2090 786 2407 863 receptus)
2445 789 2504 855 7,-

182 886 234 942 2.
271 889 371 956 93,
414 890 477 944 3.
548 886 725 947 Cum
765 884 1140 968 pronomine
1179 885 1531 967 possessivo
1572 885 1805 947 infixo:
1855 906 1954 948 me
1985 908 2026 948 a
2055 894 2214 948 wort
2237 885 2351 970 yth
2380 907 2509 947 ser-

181 985 262 1048 vis
293 990 437 1070 (ego
470 991 666 1051 stabo
694 989 764 1050 in
793 989 1046 1052 servitio
1079 993 1216 1070 tuo)
1250 997 1353 1065 49,
1390 998 1446 1053 1.

340 1095 512 1155 Cum
556 1095 1047 1176 pronominibus
1092 1095 1373 1158 suffixis:
1424 1096 1529 1160 ino
1562 1097 1747 1160 lukas
1780 1097 1871 1160 tol
1895 1120 1936 1159 α
1964 1118 2035 1158 ve
2066 1097 2248 1180 tellys
2281 1096 2503 1176 (ineo,

185 1197 395 1280 eapite,
430 1199 654 1261 multa
696 1199 1002 1262 foramina
1045 1211 1197 1262 sunt
1224 1201 1451 1282 forata)
1484 1203 1561 1263 P.
1604 1208 1748 1277 133,
1785 1209 1847 1262 4.
1894 1223 2062 1285 ymno
2092 1221 2191 1263 me
2218 1224 2303 1286 ny
2328 1202 2511 1286 qaffe

182 1303 335 1385 3⁶·er
358 1303 457 1383 (in
481 1326 561 1365 eo
586 1325 724 1366 non
748 1304 1149 1367 inveniebam
1173 1306 1452 1388 culpam)
1486 1311 1634 1384 142,
1658 1315 1718 1368 4.
1754 1329 1839 1369 an
1863 1306 2000 1368 ioul
2013 1329 2177 1389 φινκε
2200 1328 2271 1368 νε
2293 1309 2509 1370 dreose

188 1408 488 1487 (diabolus
532 1409 610 1470 in
656 1431 804 1471 eum
842 1409 1089 1491 intulit)
1123 1419 1227 1486 47,
1264 1418 1326 1472 4.
1374 1433 1459 1474 an
1496 1411 1734 1496 qraytk
1767 1411 1940 1495 ynhy
1971 1433 2069 1473 ese
2099 1413 2369 1491 (moeror
2399 1412 2509 1493 qui

185 1510 245 1572 in
280 1534 350 1574 ea
388 1525 553 1589 erat,
575 1510 797 1577 'matre
825 1516 866 1576 J
870 1518 1011 1596 esu)
1046 1520 1191 1591 222,
1229 1523 1289 1577 4.
1338 1515 1466 1579 han
1495 1538 1701 1600 qrows
1732 1539 1842 1579 ave
1870 1516 2172 1598 drehevys
2204 1516 2289 1578 ha
2318 1518 2509 1579 Jesus

171 1617 414 1702 fasteys
455 1642 644 1703 ynny
676 1623 770 1700 (et
811 1642 969 1682 crux
1009 1631 1105 1683 est
1146 1631 1352 1684 erecta
1391 1632 1456 1684 et
1484 1623 1674 1684 Jesus
1705 1623 1872 1683 fixus
1901 1621 1971 1682 in
2000 1624 2100 1701 ea)
2139 1627 2281 1696 184,
2318 1627 2374 1682 1.
2421 1643 2508 1684 un

186 1722 396 1784 Etkow
441 1746 483 1786 a
530 1723 772 1808 wyskz's
812 1726 1029 1788 kenter
1069 1727 1243 1810 yn-hy
1290 1727 1359 1808 (J
1361 1728 1600 1789 udaeus
1642 1727 1893 1789 clavum
1933 1725 2189 1808 impulit
2228 1725 2298 1786 111
2341 1747 2503 1800 eam,

188 1834 461 1911 manum)
501 1834 654 1904 182,
697 1834 755 1891 2.
807 1830 1025 1913 towyll
1059 1830 1199 1894 veih
1240 1854 1324 1916 ny
1356 1832 1535 1916 allos
1546 1855 1636 1916 yn
1648 1833 1775 1915 fas
1803 1853 1970 1916 ynne
1999 1852 2214 1915 sensys
2247 1830 2508 1912 (instru-

188 1943 461 1996 mentum
489 1957 631 1997 non
660 1956 922 2018 possum
952 1937 1111 1998 bene
1140 1936 1209 1999 in
1239 1937 1328 1998 eis
1359 1949 1594 2013 tenere,
1629 1936 1952 2017 manibus)
1993 1942 2134 2010 156,
2172 1943 2234 1996 4.
2277 1955 2509 1997 eorsow

191 2058 284 2099 esa
309 2062 476 2122 ynne
508 2042 847 2120 (cadavera
877 2063 1037 2123 quae
1068 2053 1248 2104 erant
1276 2042 1345 2104 in
1376 2041 1489 2118 eiS,
1527 2042 1858 2124 sepulcris)
1893 2045 2036 2116 210,
2076 2045 2135 2102 2.

346 2145 588 2207 Α11110
606 2145 780 2207 rica
822 2145 1106 2228 ejusdem
1133 2146 1616 2229 praepositionis
1646 2146 1844 2208 forma
1873 2146 1997 2208 EN
2027 2145 2127 2206 vel
2157 2146 2246 2207 Ee
2296 2166 2372 2206 en
2403 2166 2505 2205 ca·
2558 2142 2564 2149 ’

196 2244 285 2306 lon
312 2269 449 2327 pan
481 2249 900 2332 soinqaff’(in
931 2252 1114 2313 eorde
1144 2252 1200 2314 si
1229 2252 1463 2334 cogito)
1495 2251 1668 2312 Buh.
1707 2256 1767 2325 8,
1809 2258 1866 2312 1.
1916 2250 2098 2312 collet
2125 2272 2201 2311 en
2233 2249 2331 2311 bet
2357 2270 2508 2310 man

199 2348 282 2427 (in
318 2350 435 2413 hoc
476 2356 728 2416 mundo
768 2355 1070 2437 perditae,
1106 2378 1203 2418 res
1241 2358 1444 2437 meae)
1478 2364 1538 2431 4,
1583 2363 1680 2417 15.
1729 2376 1804 2416 en
1851 2355 1959 2416 ὀνο
1990 2376 2030 2415 a
2059 2375 2199 2415 vezo
2231 2353 2377 2415 bras
2408 2352 2506 2433 (in

197 2463 343 2517 terra
376 2456 495 2520 erit
522 2459 769 2540 gravis)
804 2466 906 2535 86,
948 2465 1049 2522 24.
1101 2485 1177 2524 en
1208 2462 1374 2523 breiz
1403 2483 1552 2523 man
1585 2460 1682 2539 (111
1709 2459 1829 2521 hac
1860 2458 2220 2539 Britannia)
2254 2464 2357 2533 84,
2403 2464 2500 2518 15.

204 2563 292 2634 88,
330 2568 423 2624 13.
472 2565 552 2626 do
584 2564 809 2647 quelen
849 2587 924 2628 en
968 2588 1187 2629 (mesen
1217 2587 1365 2629 man
1397 2567 1505 2642 (ad
1535 2565 1891 2627 docendum
1919 2562 1988 2626 in
2019 2563 2137 2625 hac
2166 2561 2404 2644 insula)
2440 2568 2500 2638 6,

202 2666 290 2725 22.
324 2668 470 2731 decet
496 2677 638 2732 mat
668 2691 745 2731 en
774 2670 962 2754 abaty
993 2671 1114 2734 hac
1142 2695 1217 2734 οη
1252 2681 1315 2755 ty
1346 2693 1495 2733 man
1526 2669 1795 2753 (accepti
1823 2690 1933 2731 vos
1963 2668 2033 2729 in
2062 2667 2314 2729 abbatia
2344 2678 2406 2729 et
2437 2667 2505 2729 in

201 2767 365 2832 domo
394 2772 540 2854 hac)
580 2780 727 2850 186,
765 2782 823 2835 6.
860 2796 964 2837 ma
994 2776 1119 2837 mir
1148 2800 1180 2839 e
1196 2799 1326 2858 pep
1358 2776 1491 2838 lech
1522 2798 1592 2838 oz
1609 2775 1839 2856 pechet
1867 2776 2070 2853 (serva
2099 2793 2201 2833 me
2233 2771 2303 2832 in
2333 2771 2508 2832 omni

200 2870 321 2935 loco
347 2897 383 2937 a
409 2882 701 2959 peccato)
743 2885 839 2955 16,
881 2887 980 2941 14.
1031 2882 1149 2943 den
1187 2882 1332 2943 bras
1363 2904 1396 2943 e
1425 2881 1661 2944 ker-etio
1692 2880 1908 2962 (homo
1940 2878 2189 2961 amplus
2219 2876 2289 2938 in
2320 2877 2504 2941 Cere-

204 2976 336 3058 tica)
370 2987 467 3058 28,
508 2988 613 3046 24.
659 2984 916 3067 quirion
956 3008 989 3046 e
1035 2985 1142 3047 bro
1188 2986 1481 3061 bretonet,
1518 2986 1732 3049 santel
1756 3007 1788 3046 e
1820 2985 1928 3046 ὀνο
1959 2985 2198 3046 Breton
2229 2981 2499 3065 (justuS,

204 3095 433 3147 sanctus
463 3088 534 3151 in
565 3101 735 3152 terra
765 3088 1246 3172 Britannorum)
1281 3098 1385 3166 44,
1426 3098 1525 3152 16.
1564 3096 1669 3166 48,
1711 3097 1769 3151 3.
1814 3112 1847 3151 e
1878 3087 2044 3150 breiz
2072 3088 2213 3172 ysel
2238 3087 2335 3168 (111
2366 3085 2505 3147 Bri·

206 3190 402 3251 tannia
430 3191 754 3275 inferiore)
792 3201 934 3269 100,
974 3201 1033 3256 8.
1075 3200 1220 3271 206,
1264 3203 1361 3256 17.
1410 3196 1616 3279 beuaf
1637 3194 1781 3256 real
1804 3216 1836 3254 e
1868 3194 2078 3256 Zealtet
2107 3192 2343 3272 (vivam
2375 3213 2505 3252 om-

206 3289 340 3354 nino
379 3295 447 3376 in
489 3298 844 3381 legalitate)
880 3305 982 3374 28,
1025 3307 1124 3360 15.
1190 3301 1346 3361 Post
1375 3302 1563 3362 verba
1590 3298 1922 3362 motionis:
1974 3320 2049 3359 en
2083 3306 2145 3381 ty
2176 3296 2255 3358 he
2285 3296 2507 3379 diffaco

208 3414 243 3453 a
264 3398 429 3481 yriff
442 3402 537 3482 (in
568 3406 835 3466 domum
863 3389 1002 3466 eam
1030 3406 1257 3466 ducere
1287 3404 1455 3485 volo)
1485 3410 1588 3480 24,
1623 3412 1680 3465 1.
1718 3405 1868 3467 duel
1896 3404 2152 3465 bremam
2182 3424 2258 3463 en
2291 3399 2509 3463 leandi

212 3497 420 3574 (venite
463 3530 641 3571 nunc
683 3508 753 3570 in
799 3513 1210 3590 conventum)
1248 3515 1349 3585 38,
1387 3516 1448 3571 4.
1497 3509 1608 3593 off
1635 3511 1785 3573 duet
1827 3532 1859 3571 e
1889 3509 2082 3571 buhez
2113 3506 2286 3588 (veni
2316 3506 2386 3567 in
2415 3504 2506 3567 vi-

210 3609 347 3686 tam)
381 3616 476 3687 14,
519 3624 576 3677 1.
629 3621 834 3675 monet
873 3635 1025 3676 voar
1066 3636 1211 3677 mar
1255 3614 1437 3677 οόνο·
1458 3616 1637 3678 arall
1661 3613 1998 3697 (proficisci
2025 3612 2186 3675 mari
2213 3611 2285 3673 in
2314 3610 2507 3673 aliam

213 3713 442 3795 terram)
475 3725 535 3794 4,
576 3724 683 3781 23.
747 3722 830 3782 111
860 3720 960 3783 his
991 3719 1335 3803 quaeritur,
1371 3741 1455 3781 an
1485 3741 1619 3782 non
1649 3720 1732 3782 sit
1761 3743 1793 3782 e
1823 3720 2020 3782 forma
2049 3716 2391 3800 primitiva,
2429 3737 2505 3777 en

212 3829 279 3871 ex
317 3820 525 3885 eadem
565 3825 920 3888 coalescens
965 3847 1112 3903 eum
1144 3825 1431 3888 articulo.
1497 3825 1766 3889 Obtinet
1796 3837 2010 3887 tamen
2039 3847 2116 3886 en
2146 3833 2295 3885 ante
2324 3843 2505 3883 voca·

212 3910 340 3993 lem,
372 3930 621 4005 quando
651 3951 783 3992 non
813 3932 990 3993 adest
1019 3930 1344 3993 articulus.

359 4029 521 4094 Ante
559 4034 940 4118 pronomina
980 4036 1360 4119 possessiva:
1411 4044 1568 4099 troet
1597 4059 1664 4098 eo
1695 4058 1791 4099 em
1822 4037 1966 4099 brut
1993 4057 2089 4098 em
2118 4033 2294 4099 studi
2313 4032 2505 4114 (ceci-

215 4122 297 4186 dit
339 4130 403 4194 in
451 4139 737 4202 animum
775 4162 1019 4217 meum,
1067 4141 1137 4203 in
1179 4140 1463 4204 studium
1503 4146 1746 4223 meum)
1779 4143 1949 4205 Buh.
1990 4148 2092 4218 20,
2132 4145 2190 4201 2.
2249 4138 2390 4201 euel
2424 4159 2504 4199 vn

214 4236 399 4299 merch
426 4262 498 4303 en
528 4245 607 4307 he
630 4246 979 4327 querchdet
1005 4249 1107 4327 (ut
1135 4246 1351 4329 puella
1380 4246 1448 4308 in
1477 4246 1841 4329 virginitate
1872 4251 2013 4330 sua)
2054 4253 2152 4322 18,
2186 4252 2245 4307 8.

363 4342 521 4409 Cum
560 4350 933 4432 pronomine
975 4352 1323 4433 personali:
1360 4354 1553 4434 pouls
1588 4352 1801 4437 enkas
1817 4352 2014 4414 boant
2043 4352 2166 4433 (fac
2197 4349 2267 4410 in
2298 4367 2370 4407 eo
2402 4345 2507 4404 de—

219 4436 516 4533 siderium)
548 4455 722 4517 Buh.
762 4461 864 4533 86,
908 4464 1006 4544 10.
1053 4455 1291 4539 ennaff
1316 4457 1574 4522 bremam
1621 4482 1689 4522 eo
1733 4479 1872 4521 ema
1898 4457 2079 4538 qoall
2103 4454 2200 4533 (in
2230 4472 2303 4513 eo
2333 4466 2508 4509 nunc
