3150 5242
360 437 392 468 ⁶
740 459 858 520 IV.
898 462 958 518 2.
1018 476 1581 520 PRAEPOSITIONES
1612 474 2090 521 BmTANNJcAE.
2460 456 2583 518 655

236 630 566 710 Frequens
610 629 835 690 eadem
876 648 1001 689 vox
1035 629 1210 690 nuda
1240 627 1433 690 etiam
1462 628 1531 689 in
1562 627 1725 690 libro
1758 629 2080 691 Landav.:
2133 627 2232 691 hit
2257 627 2319 690 ir
2348 627 2585 691 kebam

225 734 403 797 mein
438 737 676 816 (usque
707 735 786 796 ad
819 733 1081 796 falconis
1114 733 1420 817 lapidem)
1458 743 1558 796 75.
1609 733 1708 798 hit
1734 743 1897 797 nant
1919 758 1961 820 y
1993 733 2320 798 clauorion
2353 736 2583 816 (usque
2659 784 2662 787 .

230 841 305 902 in
358 840 597 903 vallem
650 840 1068 921 leprosorum)
1110 847 1250 902 119.
1310 839 1407 902 hit
1457 839 1629 903 cecin
1682 843 1925 924 (usque
1977 840 2046 903 in
2094 842 2383 923 tergum)
2434 845 2576 914 146,

232 947 534 1029 quamvis
565 947 639 1008 in
668 946 770 1008 his
802 946 1331 1029 descriptionibus
1363 945 1614 1028 saepius
1647 945 1837 1009 etiam
1862 959 2165 1010 occurant
2187 946 2580 1010 consociatae

231 1053 335 1116 hit
363 1052 457 1129 in,
494 1053 594 1116 hit
623 1053 740 1115 bet.

412 1161 588 1221 Ante
619 1160 811 1221 verba
840 1158 1111 1221 occurrit
1139 1158 1411 1222 formula
1440 1158 1538 1222 hit
1550 1180 1694 1240 pan
1726 1161 1956 1243 (usque
1987 1163 2067 1224 ad
2097 1182 2265 1238 cum,
2302 1161 2347 1225 i.
2381 1185 2437 1225 e.
2474 1164 2581 1225 do-

233 1268 408 1347 nec),
438 1286 557 1347 pro
588 1287 715 1347 qua
746 1276 809 1327 et
839 1274 1099 1348 apparet
1129 1265 1300 1328 behit
1311 1286 1474 1347 pan,
1507 1265 1685 1328 behet
1697 1288 1839 1347 pan
1861 1267 1930 1329 in
1952 1266 2113 1329 libro
2139 1270 2342 1332 Land.
2373 1292 2439 1353 p.
2475 1277 2575 1342 70,

233 1382 433 1453 atque
464 1370 536 1432 in
568 1373 790 1434 eodem
820 1371 1182 1454 frequenter
1214 1372 1314 1435 bet
1329 1393 1472 1453 pan
1505 1371 1615 1451 (cf.
1651 1371 2186 1455 conjunctiones).
2247 1378 2429 1443 Quae
2459 1400 2580 1441 vox

232 1476 438 1553 ΒΕΤ,
477 1488 617 1540 orta
656 1490 730 1540 ut
769 1477 1019 1540 videtur
1062 1500 1097 1540 e
1140 1479 1343 1540 subst.
1390 1478 1507 1554 hit,
1538 1477 1571 1511 *
1613 1487 1709 1541 est
1750 1478 1941 1539 etiam
1987 1479 2272 1561 ejusdem
2315 1504 2463 1545 cum
2506 1506 2580 1546 eo

231 1606 396 1646 usus
452 1594 517 1646 et
572 1584 1055 1666 significationis
1109 1594 1259 1647 ante
1304 1584 1736 1660 substantiva,
1787 1584 1971 1646 obvia
2013 1583 2081 1646 in
2126 1585 2287 1647 libro
2330 1588 2579 1651 Landa-

231 1690 458 1752 vensi:
515 1691 617 1753 bet
656 1699 816 1753 nant
847 1690 1085 1766 ireilim
1123 1691 1225 1752 bet
1260 1688 1531 1774 qebenm'
1561 1697 1664 1752 75.
1703 1696 1845 1762 116,
1885 1688 1983 1753 bet
2009 1690 2100 1753 rit
2127 1691 2190 1753 ir
2219 1692 2393 1756 main
2431 1700 2574 1769 150,

231 1798 335 1859 bet
369 1797 469 1858 tal
494 1795 556 1858 ir
588 1795 774 1858 brian
804 1803 947 1872 164,
977 1796 1374 1878 frequentius
1388 1795 1619 1877 juncta
1643 1795 1741 1858 bet
1762 1795 1851 1871 in,
1884 1796 1982 1859 bet
2002 1795 2049 1873 i,
2081 1796 2180 1860 bet
2200 1819 2299 1860 ar.
2352 1800 2581 1863 Forma

230 1902 493 1984 plenior
534 1913 684 1964 ante
715 1902 1189 1965 substantivum
1219 1901 1288 1963 in
1318 1902 1538 1963 eodem
1567 1923 1633 1983 p.
1678 1909 1793 1963 115
1819 1923 1832 1963 :
1886 1902 2064 1966 beket
2094 1903 2192 1966 tal
2220 1903 2413 1988 irfos
2446 1909 2576 1987 (us-

232 2031 362 2091 que
396 2011 476 2070 ad
508 2009 782 2070 frontem
814 2006 1065 2089 fossae),
1102 2018 1166 2070 et
1194 2030 1259 2091 p.
1299 2013 1440 2068 166.
1481 2012 1638 2068 220:
1681 2030 1722 2070 α
1745 2008 2092 2091 ylasquern
2124 2009 2301 2073 beket
2330 2012 2572 2088 louern,

232 2115 425 2176 behet
467 2114 770 2196 louyuern
801 2116 866 2194 (a
895 2113 1006 2175 Gl.
1042 2134 1244 2195 usque
1277 2114 1410 2194 L.),
1437 2111 1702 2195 jamque
1744 2112 1814 2174 in
1844 2113 2057 2175 codice
2091 2114 2401 2178 Lichfeld.
2428 2139 2443 2179 ε
2483 2118 2579 2180 be-

230 2220 344 2282 het
388 2218 695 2294 hirmain,
732 2218 908 2281 behet
948 2219 1252 2281 camdubr
1283 2221 1513 2300 (usque
1556 2219 1638 2280 ad
1679 2219 1945 2300 longum
1985 2219 2285 2301 lapidem,
2322 2224 2402 2284 ad
2440 2246 2577 2286 cur-

232 2348 386 2389 vam
410 2329 672 2407 aquam)
696 2326 992 2408 Append.
1022 2324 1164 2409 librt
1198 2325 1483 2386 Landav.
1511 2342 1579 2404 p.
1605 2326 1749 2384 272.
1774 2327 1919 2399 273,
1948 2345 2065 2386 nec
2088 2346 2221 2387 non
2245 2326 2312 2388 in
2336 2330 2574 2393 notatis

231 2433 314 2494 de
338 2429 656 2492 mensuris
677 2452 690 2492 z
724 2429 925 2494 belzez't
937 2429 1217 2493 heitham
1235 2429 1295 2491 ir
1310 2429 1498 2513 equin
1515 2431 1746 2511 (usque
1763 2430 1841 2491 ad
1861 2439 2218 2494 extremum
2234 2439 2570 2517 unguem).

234 2538 317 2598 In
366 2536 467 2598 his
508 2534 735 2598 iisdem
766 2535 1232 2618 significatione
1263 2535 1455 2597 etiam
1485 2557 1616 2596 non
1650 2535 1858 2598 differt
1887 2534 2153 2612 cihitun,
2190 2536 2434 2602 cikitun
2465 2540 2540 2603 hi
2553 2569 2573 2603 .-

233 2644 357 2707 kor
387 2643 516 2706 elin
548 2642 808 2706 ce'hutun
841 2641 1045 2704 kitorr
1075 2663 1269 2724 usque
1298 2644 1390 2704 ad
1413 2650 1627 2704 artum
1651 2640 1861 2723 puqni
1887 2639 1989 2703 bes
2021 2632 2115 2703 est
2140 2641 2399 2707 kouboit
2418 2646 2573 2709 cibi-

236 2758 352 2812 tun
385 2770 537 2831 ceny
569 2748 631 2811 ir
660 2747 855 2811 eseeir
887 2746 958 2828 (i.
995 2768 1051 2809 e.
1088 2769 1288 2830 usque
1319 2748 1399 2809 ad
1431 2757 1641 2810 artum
1674 2745 1979 2828 femoris),
2008 2746 2412 2812 definitiones
2443 2772 2574 2813 non

233 2856 498 2938 ignotae
542 2854 734 2916 etiam
774 2853 934 2915 libro
968 2851 1405 2915 Landavensi:
1456 2876 1491 2914 ο
1535 2861 1696 2916 nant
1735 2853 1796 2915 ir
1842 2853 2019 2937 equic
2063 2852 2415 2918 oekitinant
2443 2856 2574 2919 dir-

235 2960 410 3023 heith
458 2959 544 3023 tir
583 2960 713 3022 rud
740 2962 806 3041 (a
834 2958 999 3021 valle
1031 2958 1354 3040 capreolae
1387 2980 1590 3040 usque
1620 2957 1690 3019 in
1722 2958 1950 3021 vallem
1982 2961 2138 3040 eto.)
2176 2966 2278 3022 69.
2327 2960 2426 3024 tal
2449 2961 2576 3047 {fos

235 3065 482 3128 cibitan
523 3064 806 3128 clouuric
838 3064 1083 3127 diclour
1113 3064 1313 3145 (frons
1345 3063 1549 3125 fossae
1580 3085 1783 3146 usque
1813 3066 1892 3127 ad
1924 3066 2033 3146 C.)
2073 3072 2214 3127 115.
2278 3067 2381 3129 Ad
2412 3089 2574 3150 quae

235 3172 622 3234 conferenda
650 3181 804 3232 sunt
832 3169 999 3232 infra
1024 3168 1354 3252 sequentia
1375 3168 1681 3231 armorica
1703 3180 1957 3232 vetusta
1979 3170 2227 3234 cohiton
2249 3170 2323 3235 ki
2343 3174 2575 3255 (usque

235 3280 371 3359 ad),
410 3277 684 3340 mikilon
716 3276 1146 3357 (secundum).

413 3380 924 3465 Praepositiones
966 3403 1045 3444 αν
1088 3392 1153 3444 et
1196 3380 1266 3443 in
1296 3380 1417 3443 s'ibi
1445 3380 1863 3464 praemittens
1896 3381 2097 3443 subst.
2134 3379 2232 3444 hit
2259 3380 2577 3465 significat

235 3491 352 3552 lat.
388 3489 732 3551 secundum
766 3487 838 3568 (i.
874 3509 930 3549 e.
966 3486 1037 3549 in
1079 3485 1544 3569 longitudine):
1598 3507 1678 3549 ar
1718 3485 1817 3549 hit
1844 3485 2101 3570 dmfrut
2135 3534 2148 3548 .
2192 3534 2205 3548 .
2249 3536 2263 3550 .
2300 3488 2374 3551 di
2401 3489 2574 3552 blain

234 3596 502 3657 morduc
526 3592 708 3657 arbit
736 3595 996 3656 morduc
1032 3641 1046 3655 .
1090 3641 1104 3655 .
1146 3640 1160 3655 .
1196 3591 1374 3655 arbit
1401 3590 1430 3653 i
1446 3600 1609 3654 nant
1635 3593 1896 3653 morduc
1926 3594 2307 3673 (secundum
2329 3595 2415 3656 D.
2423 3641 2444 3671 ,
2474 3597 2568 3657 M.

232 3700 490 3776 fluvios,
526 3699 751 3781 valles)
778 3698 920 3761 Lib.
952 3700 1156 3760 Land.
1194 3703 1336 3759 116.
1373 3697 1447 3760 di
1472 3696 1648 3760 blain
1677 3706 1837 3760 nant
1865 3697 2040 3760 tauel
2063 3718 2142 3759 ar
2171 3698 2286 3783 kyt
2311 3720 2393 3784 yr
2420 3711 2580 3765 nant

233 3807 336 3868 bet
382 3803 559 3888 nym‘
589 3804 764 3889 nym'
787 3804 1034 3889 ynyhyt
1062 3802 1160 3867 bet
1185 3826 1226 3888 y
1261 3805 1368 3889 Zyn
1400 3824 1478 3866 ar
1507 3802 1626 3887 kyt
1648 3824 1730 3887 Ψ·
1761 3804 1914 3886 lynn
1943 3804 2043 3866 bet
2070 3813 2192 3866 ete.
2226 3806 2336 3886 (ad
2366 3816 2576 3868 ortum

233 3910 421 3973 vallis
453 3913 561 3987 ¹1¹„
599 3911 950 3974 secundum
991 3910 1223 3973 vallem
1265 3930 1469 3992 usque
1507 3910 1590 3971 ad
1622 3910 1728 3984 L„
1765 3910 2118 3971 secundum
2149 3908 2226 3971 L.
2261 3930 2466 3993 usque
2496 3913 2575 3974 ad

372 4224 399 4250 ²*
435 4222 485 4275 E
525 4221 761 4274 formula
794 4221 997 4274 scilicet
1026 4240 1100 4291 pe
1123 4222 1220 4286 hit,
1239 4239 1318 4290 pa
1342 4221 1426 4274 hit
1450 4221 1579 4291 (qua
1602 4221 2000 4293 longitudine),
2032 4238 2169 4291 quae
2194 4221 2372 4274 adhuc
2398 4221 2577 4273 soluta

233 4315 417 4361 exstat
441 4308 499 4359 in
526 4306 680 4358 Mab.
704 4325 716 4358 ε
744 4306 929 4375 pyhyt
951 4306 1156 4376 hyrenae
1177 4325 1215 4376 y
1242 4307 1375 4375 bych
1396 4325 1525 4376 yma
1552 4307 1895 4376 (quacunque
1919 4305 2281 4373 longitudine,
2314 4305 2571 4375 quamdiu

230 4393 398 4446 fueris
424 4392 535 4462 hic)
565 4395 614 4455 2,
641 4394 761 4443 204.
791 4392 970 4460 palzyt
993 4393 1199 4461 bynnac
1219 4410 1258 4461 y
1285 4391 1468 4466 kerdcz'
1487 4392 1622 4460 velly
1652 4390 1932 4461 (quamdiu
1957 4390 2218 4458 pergebat
2241 4389 2336 4457 ita)
2368 4392 2415 4450 3,
2448 4392 2568 4440 264.

178 4541 187 4544 -
233 4479 526 4532 Contracta
547 4481 677 4547 pyt,
708 4476 802 4544 byt
824 4475 1024 4529 ibidem
1051 4482 1099 4542 2,
1130 4481 1261 4530 204:
1302 4473 1400 4544 hyt
1424 4494 1462 4544 y
1491 4476 1558 4528 bu
1582 4476 1652 4544 dy
1672 4475 1790 4543 qlot
1808 4474 2163 4549 ympedryml
2185 4473 2280 4541 by‘t
2303 4472 2476 4538 bellas
2494 4472 2577 4542 (ut

230 4564 332 4616 fuit
355 4563 531 4635 gloria
558 4570 661 4616 tua
686 4560 911 4614 dilatata
935 4580 1106 4631 usque
1131 4563 1200 4614 ad
1226 4562 1569 4632 extremum).
