<?xml version="1.0" encoding="UTF-8"?>
<!DOCTYPE html PUBLIC "-//W3C//DTD XHTML 1.0 Transitional//EN"
    "http://www.w3.org/TR/xhtml1/DTD/xhtml1-transitional.dtd">
<html xmlns="http://www.w3.org/1999/xhtml" xml:lang="en" lang="en">
 <head>
  <title>
</title>
<meta http-equiv="Content-Type" content="text/html;charset=utf-8" />
  <meta name='ocr-system' content='tesseract 3.04.00' />
  <meta name='ocr-capabilities' content='ocr_page ocr_carea ocr_par ocr_line ocrx_word'/>
</head>
<body>
  <div class='ocr_page' id='page_1' title='image "./grammaticacelti04zeusgoog_0362.png"; bbox 0 0 3150 5242; ppageno 0'>
   <div class='ocr_carea' id='block_1_1' title="bbox 633 375 2502 437">
    <p class='ocr_par' dir='ltr' id='par_1_1' title="bbox 633 375 2502 437">
     <span class='ocr_line' id='line_1_1' title="bbox 633 375 2502 437; baseline 0.002 -4"><span class='ocrx_word' id='word_1_1' title='bbox 633 375 758 434; x_wconf 88' lang='grc'>910</span> <span class='ocrx_word' id='word_1_2' title='bbox 1092 375 1213 437; x_wconf 90' lang='lat' dir='ltr'>VI.</span> <span class='ocrx_word' id='word_1_3' title='bbox 1257 381 1313 435; x_wconf 87' lang='lat'>1.</span> <span class='ocrx_word' id='word_1_4' title='bbox 1372 392 1818 437; x_wconf 66' lang='lat' dir='ltr'>cous&#39;rnvo‘rro</span> <span class='ocrx_word' id='word_1_5' title='bbox 1849 393 2053 436; x_wconf 71' lang='lat' dir='ltr'>vmzm</span> <span class='ocrx_word' id='word_1_6' title='bbox 2086 394 2502 437; x_wconf 80' lang='lat' dir='ltr'>BRITANNICI.</span> 
     </span>
    </p>
   </div>
   <div class='ocr_carea' id='block_1_2' title="bbox 624 541 2947 2847">
    <p class='ocr_par' dir='ltr' id='par_1_2' title="bbox 624 541 2944 2011">
     <span class='ocr_line' id='line_1_2' title="bbox 634 541 2937 628; baseline 0 -21"><span class='ocrx_word' id='word_1_7' title='bbox 634 544 972 628; x_wconf 86' lang='lat' dir='ltr'>praeterito</span> <span class='ocrx_word' id='word_1_8' title='bbox 1015 544 1389 607; x_wconf 81' lang='lat' dir='ltr'>secundario</span> <span class='ocrx_word' id='word_1_9' title='bbox 1431 565 1587 607; x_wconf 90' lang='lat' dir='ltr'>usus</span> <span class='ocrx_word' id='word_1_10' title='bbox 1630 542 2076 606; x_wconf 89' lang='lat' dir='ltr'>conditionalis</span> <span class='ocrx_word' id='word_1_11' title='bbox 2123 546 2225 624; x_wconf 90' lang='lat' dir='ltr'>(ut</span> <span class='ocrx_word' id='word_1_12' title='bbox 2268 541 2337 605; x_wconf 90' lang='lat' dir='ltr'>in</span> <span class='ocrx_word' id='word_1_13' title='bbox 2382 543 2699 607; x_wconf 89' lang='lat' dir='ltr'>hibernica</span> <span class='ocrx_word' id='word_1_14' title='bbox 2737 543 2937 627; x_wconf 83' lang='lat' dir='ltr'>lingua</span> 
     </span>
     <span class='ocr_line' id='line_1_3' title="bbox 633 648 2941 734; baseline 0 -22"><span class='ocrx_word' id='word_1_15' title='bbox 633 652 978 727; x_wconf 88' lang='lat' dir='ltr'>interdum,</span> <span class='ocrx_word' id='word_1_16' title='bbox 1007 672 1073 733; x_wconf 91' lang='lat' dir='ltr'>p.</span> <span class='ocrx_word' id='word_1_17' title='bbox 1107 653 1291 731; x_wconf 86' lang='lat'>896):</span> <span class='ocrx_word' id='word_1_18' title='bbox 1314 648 1435 732; x_wconf 80' lang='lat' dir='ltr'>pei</span> <span class='ocrx_word' id='word_1_19' title='bbox 1458 672 1546 712; x_wconf 80' lang='lat' dir='ltr'>na</span> <span class='ocrx_word' id='word_1_20' title='bbox 1577 648 1677 711; x_wconf 78' lang='lat' dir='ltr'>bei</span> <span class='ocrx_word' id='word_1_21' title='bbox 1704 649 1899 713; x_wconf 76' lang='lat' dir='ltr'>drech</span> <span class='ocrx_word' id='word_1_22' title='bbox 1928 671 2043 712; x_wconf 81' lang='lat' dir='ltr'>noc</span> <span class='ocrx_word' id='word_1_23' title='bbox 2072 650 2154 733; x_wconf 64' lang='lat' dir='ltr'>ef</span> <span class='ocrx_word' id='word_1_24' title='bbox 2168 671 2288 734; x_wconf 79' lang='lat' dir='ltr'>nys</span> <span class='ocrx_word' id='word_1_25' title='bbox 2320 649 2510 733; x_wconf 69' lang='lat' dir='ltr'>dyyei</span> <span class='ocrx_word' id='word_1_26' title='bbox 2530 658 2714 733; x_wconf 78' lang='lat' dir='ltr'>ynteu</span> <span class='ocrx_word' id='word_1_27' title='bbox 2734 672 2773 733; x_wconf 77' lang='lat' dir='ltr'><strong><em>y</em></strong></span> <span class='ocrx_word' id='word_1_28' title='bbox 2797 650 2941 713; x_wconf 76' lang='lat' dir='ltr'>eneit</span> 
     </span>
     <span class='ocr_line' id='line_1_4' title="bbox 636 755 2937 841; baseline -0.001 -22"><span class='ocrx_word' id='word_1_29' title='bbox 636 758 719 841; x_wconf 68' lang='lat' dir='ltr'>qs</span> <span class='ocrx_word' id='word_1_30' title='bbox 751 757 831 837; x_wconf 90' lang='lat' dir='ltr'>(si</span> <span class='ocrx_word' id='word_1_31' title='bbox 882 777 1014 818; x_wconf 92' lang='lat' dir='ltr'>non</span> <span class='ocrx_word' id='word_1_32' title='bbox 1066 756 1292 819; x_wconf 83' lang='lat' dir='ltr'>fuisset</span> <span class='ocrx_word' id='word_1_33' title='bbox 1343 755 1565 817; x_wconf 88' lang='lat' dir='ltr'>fortior</span> <span class='ocrx_word' id='word_1_34' title='bbox 1616 777 1711 832; x_wconf 90' lang='lat' dir='ltr'>eo,</span> <span class='ocrx_word' id='word_1_35' title='bbox 1763 777 1896 817; x_wconf 93' lang='lat' dir='ltr'>non</span> <span class='ocrx_word' id='word_1_36' title='bbox 1940 755 2309 818; x_wconf 89' lang='lat' dir='ltr'>abstulisset</span> <span class='ocrx_word' id='word_1_37' title='bbox 2352 755 2628 818; x_wconf 80' lang='lat' dir='ltr'>animam</span> <span class='ocrx_word' id='word_1_38' title='bbox 2667 755 2829 838; x_wconf 89' lang='lat' dir='ltr'>ejus;</span> <span class='ocrx_word' id='word_1_39' title='bbox 2871 757 2937 817; x_wconf 89' lang='lat' dir='ltr'>de</span> 
     </span>
     <span class='ocr_line' id='line_1_5' title="bbox 635 860 2933 945; baseline -0.001 -21"><span class='ocrx_word' id='word_1_40' title='bbox 635 863 884 924; x_wconf 89' lang='lat' dir='ltr'>actione</span> <span class='ocrx_word' id='word_1_41' title='bbox 905 862 1044 945; x_wconf 88' lang='lat' dir='ltr'>jam</span> <span class='ocrx_word' id='word_1_42' title='bbox 1074 862 1373 944; x_wconf 85' lang='lat' dir='ltr'>perfecta,</span> <span class='ocrx_word' id='word_1_43' title='bbox 1403 863 1484 923; x_wconf 92' lang='lat' dir='ltr'>ad</span> <span class='ocrx_word' id='word_1_44' title='bbox 1514 864 1815 924; x_wconf 90' lang='lat' dir='ltr'>verbum:</span> <span class='ocrx_word' id='word_1_45' title='bbox 1854 862 1909 924; x_wconf 86' lang='lat' dir='ltr'>si</span> <span class='ocrx_word' id='word_1_46' title='bbox 1939 884 2070 923; x_wconf 91' lang='lat' dir='ltr'>non</span> <span class='ocrx_word' id='word_1_47' title='bbox 2093 871 2279 937; x_wconf 92' lang='lat' dir='ltr'>esset,</span> <span class='ocrx_word' id='word_1_48' title='bbox 2307 883 2436 926; x_wconf 89' lang='lat' dir='ltr'>non</span> <span class='ocrx_word' id='word_1_49' title='bbox 2462 861 2753 942; x_wconf 80' lang='lat' dir='ltr'>auferret)</span> <span class='ocrx_word' id='word_1_50' title='bbox 2777 860 2933 923; x_wconf 90' lang='lat' dir='ltr'>Mab.</span> 
     </span>
     <span class='ocr_line' id='line_1_6' title="bbox 641 967 2938 1053; baseline 0.001 -26"><span class='ocrx_word' id='word_1_51' title='bbox 641 974 697 1043; x_wconf 95' lang='lat'>1,</span> <span class='ocrx_word' id='word_1_52' title='bbox 738 974 840 1029; x_wconf 92' lang='grc'>20.</span> <span class='ocrx_word' id='word_1_53' title='bbox 877 967 1070 1048; x_wconf 80' lang='lat' dir='ltr'>aphez&#39;</span> <span class='ocrx_word' id='word_1_54' title='bbox 1095 969 1374 1051; x_wconf 70' lang='lat' dir='ltr'>qwnelut</span> <span class='ocrx_word' id='word_1_55' title='bbox 1405 967 1456 1030; x_wconf 81' lang='lat' dir='ltr'>ti</span> <span class='ocrx_word' id='word_1_56' title='bbox 1481 968 1806 1052; x_wconf 71' lang='lat' dir='ltr'>vyyhyyor</span> <span class='ocrx_word' id='word_1_57' title='bbox 1834 991 1919 1053; x_wconf 75' lang='lat' dir='ltr'>ny</span> <span class='ocrx_word' id='word_1_58' title='bbox 1952 967 2305 1053; x_wconf 73' lang='lat' dir='ltr'>chylzyrdei</span> <span class='ocrx_word' id='word_1_59' title='bbox 2330 967 2765 1051; x_wconf 70' lang='lat' dir='ltr'>ayyhyrdawd</span> <span class='ocrx_word' id='word_1_60' title='bbox 2787 990 2818 1029; x_wconf 90' lang='grc' dir='ltr'><strong><em>ο</em></strong></span> <span class='ocrx_word' id='word_1_61' title='bbox 2840 989 2938 1050; x_wconf 72' lang='lat' dir='ltr'>qa·</span> 
     </span>
     <span class='ocr_line' id='line_1_7' title="bbox 636 1073 2942 1154; baseline -0.001 -18"><span class='ocrx_word' id='word_1_62' title='bbox 636 1073 766 1136; x_wconf 77' lang='lat' dir='ltr'>ledi</span> <span class='ocrx_word' id='word_1_63' title='bbox 805 1073 948 1135; x_wconf 76' lang='lat' dir='ltr'>athi</span> <span class='ocrx_word' id='word_1_64' title='bbox 976 1073 1059 1151; x_wconf 85' lang='lat' dir='ltr'>(si</span> <span class='ocrx_word' id='word_1_65' title='bbox 1101 1073 1352 1136; x_wconf 86' lang='lat' dir='ltr'>fecisses</span> <span class='ocrx_word' id='word_1_66' title='bbox 1384 1073 1725 1137; x_wconf 90' lang='lat' dir='ltr'>consilium</span> <span class='ocrx_word' id='word_1_67' title='bbox 1752 1096 1991 1150; x_wconf 91' lang='lat' dir='ltr'>meum,</span> <span class='ocrx_word' id='word_1_68' title='bbox 2026 1096 2158 1135; x_wconf 91' lang='lat' dir='ltr'>non</span> <span class='ocrx_word' id='word_1_69' title='bbox 2188 1073 2517 1135; x_wconf 84' lang='lat' dir='ltr'>accidisset</span> <span class='ocrx_word' id='word_1_70' title='bbox 2546 1075 2711 1154; x_wconf 90' lang='lat' dir='ltr'>quod</span> <span class='ocrx_word' id='word_1_71' title='bbox 2740 1073 2942 1135; x_wconf 89' lang='lat' dir='ltr'>accidit</span> 
     </span>
     <span class='ocr_line' id='line_1_8' title="bbox 634 1176 2939 1261; baseline -0.001 -21"><span class='ocrx_word' id='word_1_72' title='bbox 634 1178 1029 1241; x_wconf 89' lang='lat' dir='ltr'>difficultatis</span> <span class='ocrx_word' id='word_1_73' title='bbox 1086 1176 1227 1259; x_wconf 87' lang='lat' dir='ltr'>tibi)</span> <span class='ocrx_word' id='word_1_74' title='bbox 1273 1182 1332 1253; x_wconf 86' lang='lat'>2,</span> <span class='ocrx_word' id='word_1_75' title='bbox 1374 1184 1476 1241; x_wconf 89' lang='lat'>61.</span> <span class='ocrx_word' id='word_1_76' title='bbox 1536 1188 1602 1243; x_wconf 83' lang='lat' dir='ltr'>ot</span> <span class='ocrx_word' id='word_1_77' title='bbox 1639 1180 1861 1242; x_wconf 78' lang='lat' dir='ltr'>archei</span> <span class='ocrx_word' id='word_1_78' title='bbox 1900 1180 2103 1243; x_wconf 81' lang='lat' dir='ltr'>ereint</span> <span class='ocrx_word' id='word_1_79' title='bbox 2139 1179 2309 1242; x_wconf 78' lang='lat' dir='ltr'>idaw</span> <span class='ocrx_word' id='word_1_80' title='bbox 2337 1177 2599 1260; x_wconf 81' lang='lat' dir='ltr'>peidaw</span> <span class='ocrx_word' id='word_1_81' title='bbox 2638 1200 2715 1241; x_wconf 87' lang='lat' dir='ltr'>ar</span> <span class='ocrx_word' id='word_1_82' title='bbox 2750 1199 2939 1261; x_wconf 75' lang='lat' dir='ltr'>qware</span> 
     </span>
     <span class='ocr_line' id='line_1_9' title="bbox 632 1283 2941 1371; baseline 0 -27"><span class='ocrx_word' id='word_1_83' title='bbox 632 1283 901 1345; x_wconf 76' lang='lat' dir='ltr'>hwnnw.</span> <span class='ocrx_word' id='word_1_84' title='bbox 943 1284 1024 1367; x_wconf 63' lang='lat' dir='ltr'>ef</span> <span class='ocrx_word' id='word_1_85' title='bbox 1054 1283 1303 1347; x_wconf 79' lang='lat' dir='ltr'>abeidei</span> <span class='ocrx_word' id='word_1_86' title='bbox 1342 1285 1489 1368; x_wconf 73' lang='lat' dir='ltr'>vyth</span> <span class='ocrx_word' id='word_1_87' title='bbox 1530 1287 1851 1371; x_wconf 80' lang='lat' dir='ltr'>ynllawen</span> <span class='ocrx_word' id='word_1_88' title='bbox 1893 1309 1971 1349; x_wconf 84' lang='lat' dir='ltr'>ac</span> <span class='ocrx_word' id='word_1_89' title='bbox 2010 1287 2093 1370; x_wconf 64' lang='lat' dir='ltr'>ef</span> <span class='ocrx_word' id='word_1_90' title='bbox 2111 1284 2195 1366; x_wconf 88' lang='lat' dir='ltr'>(si</span> <span class='ocrx_word' id='word_1_91' title='bbox 2237 1283 2542 1347; x_wconf 84' lang='lat' dir='ltr'>oravisset</span> <span class='ocrx_word' id='word_1_92' title='bbox 2573 1285 2658 1347; x_wconf 84' lang='lat' dir='ltr'>G.</span> <span class='ocrx_word' id='word_1_93' title='bbox 2693 1306 2849 1359; x_wconf 89' lang='lat' dir='ltr'>eum,</span> <span class='ocrx_word' id='word_1_94' title='bbox 2880 1295 2941 1344; x_wconf 89' lang='lat' dir='ltr'>ut</span> 
     </span>
     <span class='ocr_line' id='line_1_10' title="bbox 631 1389 2935 1474; baseline -0.001 -23"><span class='ocrx_word' id='word_1_95' title='bbox 631 1389 963 1452; x_wconf 86' lang='lat' dir='ltr'>desisteret</span> <span class='ocrx_word' id='word_1_96' title='bbox 1006 1412 1044 1450; x_wconf 90' lang='lat' dir='ltr'>a</span> <span class='ocrx_word' id='word_1_97' title='bbox 1086 1390 1240 1451; x_wconf 93' lang='lat' dir='ltr'>ludo</span> <span class='ocrx_word' id='word_1_98' title='bbox 1284 1390 1425 1466; x_wconf 91' lang='lat' dir='ltr'>hoc,</span> <span class='ocrx_word' id='word_1_99' title='bbox 1464 1391 1601 1474; x_wconf 90' lang='lat' dir='ltr'>ipse</span> <span class='ocrx_word' id='word_1_100' title='bbox 1644 1392 1991 1454; x_wconf 88' lang='lat' dir='ltr'>destitisset</span> <span class='ocrx_word' id='word_1_101' title='bbox 2020 1401 2187 1453; x_wconf 93' lang='lat' dir='ltr'>certe</span> <span class='ocrx_word' id='word_1_102' title='bbox 2215 1390 2488 1452; x_wconf 88' lang='lat' dir='ltr'>libenter</span> <span class='ocrx_word' id='word_1_103' title='bbox 2518 1392 2598 1453; x_wconf 88' lang='lat' dir='ltr'>ab</span> <span class='ocrx_word' id='word_1_104' title='bbox 2630 1392 2727 1472; x_wconf 89' lang='lat' dir='ltr'>eo)</span> <span class='ocrx_word' id='word_1_105' title='bbox 2761 1394 2815 1465; x_wconf 86' lang='lat'>2,</span> <span class='ocrx_word' id='word_1_106' title='bbox 2850 1395 2935 1450; x_wconf 88' lang='grc'>63.</span> 
     </span>
     <span class='ocr_line' id='line_1_11' title="bbox 634 1495 2942 1579; baseline 0 -23"><span class='ocrx_word' id='word_1_107' title='bbox 634 1496 985 1576; x_wconf 87' lang='lat' dir='ltr'>Utriusque</span> <span class='ocrx_word' id='word_1_108' title='bbox 1044 1495 1343 1578; x_wconf 87' lang='lat' dir='ltr'>temporis</span> <span class='ocrx_word' id='word_1_109' title='bbox 1380 1496 1644 1575; x_wconf 28' lang='lat' dir='ltr'>‚formae</span> <span class='ocrx_word' id='word_1_110' title='bbox 1688 1498 1845 1559; x_wconf 93' lang='lat' dir='ltr'>adeo</span> <span class='ocrx_word' id='word_1_111' title='bbox 1890 1496 2285 1579; x_wconf 82' lang='lat' dir='ltr'>promiscuae</span> <span class='ocrx_word' id='word_1_112' title='bbox 2336 1497 2676 1579; x_wconf 84' lang='lat' dir='ltr'>leguntur:</span> <span class='ocrx_word' id='word_1_113' title='bbox 2720 1495 2823 1577; x_wconf 85' lang='lat' dir='ltr'>pei</span> <span class='ocrx_word' id='word_1_114' title='bbox 2858 1517 2942 1557; x_wconf 73' lang='grc' dir='ltr'>αε-</span> 
     </span>
     <span class='ocr_line' id='line_1_12' title="bbox 624 1601 2939 1686; baseline -0.001 -23"><span class='ocrx_word' id='word_1_115' title='bbox 624 1602 1307 1686; x_wconf 74' lang='lat' dir='ltr'>qorchymmynnassut</span> <span class='ocrx_word' id='word_1_116' title='bbox 1325 1603 1674 1686; x_wconf 74' lang='lat' dir='ltr'>nysyadwn</span> <span class='ocrx_word' id='word_1_117' title='bbox 1692 1601 1773 1683; x_wconf 86' lang='lat' dir='ltr'>(si</span> <span class='ocrx_word' id='word_1_118' title='bbox 1787 1601 2107 1684; x_wconf 78' lang='lat' dir='ltr'>jussisseS,</span> <span class='ocrx_word' id='word_1_119' title='bbox 2130 1624 2262 1664; x_wconf 92' lang='lat' dir='ltr'>non</span> <span class='ocrx_word' id='word_1_120' title='bbox 2281 1602 2757 1685; x_wconf 89' lang='lat' dir='ltr'>concessissem)</span> <span class='ocrx_word' id='word_1_121' title='bbox 2775 1608 2830 1677; x_wconf 87' lang='lat'>2,</span> <span class='ocrx_word' id='word_1_122' title='bbox 2851 1606 2939 1662; x_wconf 89' lang='grc'>48.</span> 
     </span>
     <span class='ocr_line' id='line_1_13' title="bbox 632 1706 2941 1791; baseline -0.002 -21"><span class='ocrx_word' id='word_1_123' title='bbox 632 1709 873 1770; x_wconf 87' lang='lat' dir='ltr'>Contra</span> <span class='ocrx_word' id='word_1_124' title='bbox 903 1707 1149 1770; x_wconf 86' lang='lat' dir='ltr'>cornice</span> <span class='ocrx_word' id='word_1_125' title='bbox 1180 1708 1415 1770; x_wconf 84' lang='lat' dir='ltr'>formae</span> <span class='ocrx_word' id='word_1_126' title='bbox 1446 1707 1770 1791; x_wconf 89' lang='lat' dir='ltr'>praeteriti</span> <span class='ocrx_word' id='word_1_127' title='bbox 1801 1708 2162 1770; x_wconf 91' lang='lat' dir='ltr'>secundarii</span> <span class='ocrx_word' id='word_1_128' title='bbox 2189 1718 2524 1790; x_wconf 91' lang='lat' dir='ltr'>ponuntur</span> <span class='ocrx_word' id='word_1_129' title='bbox 2554 1707 2627 1770; x_wconf 91' lang='lat' dir='ltr'>in</span> <span class='ocrx_word' id='word_1_130' title='bbox 2655 1706 2941 1790; x_wconf 85' lang='lat' dir='ltr'>significa-</span> 
     </span>
     <span class='ocr_line' id='line_1_14' title="bbox 632 1811 2944 1897; baseline -0.002 -22"><span class='ocrx_word' id='word_1_131' title='bbox 632 1812 806 1875; x_wconf 88' lang='lat' dir='ltr'>tione</span> <span class='ocrx_word' id='word_1_132' title='bbox 836 1812 1185 1896; x_wconf 88' lang='lat' dir='ltr'>praesentis</span> <span class='ocrx_word' id='word_1_133' title='bbox 1216 1813 1573 1876; x_wconf 90' lang='lat' dir='ltr'>secundarii</span> <span class='ocrx_word' id='word_1_134' title='bbox 1607 1813 1799 1875; x_wconf 90' lang='lat' dir='ltr'>trium</span> <span class='ocrx_word' id='word_1_135' title='bbox 1828 1815 2183 1888; x_wconf 88' lang='lat' dir='ltr'>modorum,</span> <span class='ocrx_word' id='word_1_136' title='bbox 2212 1824 2288 1875; x_wconf 90' lang='lat' dir='ltr'>ut</span> <span class='ocrx_word' id='word_1_137' title='bbox 2319 1814 2613 1897; x_wconf 86' lang='lat' dir='ltr'>exempla</span> <span class='ocrx_word' id='word_1_138' title='bbox 2635 1811 2810 1895; x_wconf 85' lang='lat' dir='ltr'>plura</span> <span class='ocrx_word' id='word_1_139' title='bbox 2829 1811 2944 1893; x_wconf 87' lang='lat' dir='ltr'>jam</span> 
     </span>
     <span class='ocr_line' id='line_1_15' title="bbox 629 1918 1987 2011; baseline -0.001 -31"><span class='ocrx_word' id='word_1_140' title='bbox 629 1918 699 2003; x_wconf 78' lang='lat' dir='ltr'>in</span> <span class='ocrx_word' id='word_1_141' title='bbox 729 1920 918 1980; x_wconf 93' lang='lat' dir='ltr'>verbo</span> <span class='ocrx_word' id='word_1_142' title='bbox 948 1918 1269 2002; x_wconf 89' lang='lat' dir='ltr'>proposita</span> <span class='ocrx_word' id='word_1_143' title='bbox 1299 1920 1648 1980; x_wconf 88' lang='lat' dir='ltr'>ostendunt</span> <span class='ocrx_word' id='word_1_144' title='bbox 1680 1922 1772 2000; x_wconf 88' lang='lat' dir='ltr'>(p.</span> <span class='ocrx_word' id='word_1_145' title='bbox 1813 1922 1987 2011; x_wconf 70' lang='lat'>512).</span> 
     </span>
    </p>

    <p class='ocr_par' dir='ltr' id='par_1_3' title="bbox 629 2022 2944 2318">
     <span class='ocr_line' id='line_1_16' title="bbox 802 2022 2944 2106; baseline -0.001 -21"><span class='ocrx_word' id='word_1_146' title='bbox 802 2022 1174 2086; x_wconf 87' lang='lat' dir='ltr'>Infinitivus</span> <span class='ocrx_word' id='word_1_147' title='bbox 1207 2023 1400 2086; x_wconf 89' lang='lat' dir='ltr'>etiam</span> <span class='ocrx_word' id='word_1_148' title='bbox 1422 2022 1766 2086; x_wconf 86' lang='lat' dir='ltr'>britannici</span> <span class='ocrx_word' id='word_1_149' title='bbox 1788 2024 1985 2100; x_wconf 91' lang='lat' dir='ltr'>verbi,</span> <span class='ocrx_word' id='word_1_150' title='bbox 2013 2034 2088 2086; x_wconf 93' lang='lat' dir='ltr'>ut</span> <span class='ocrx_word' id='word_1_151' title='bbox 2110 2024 2444 2100; x_wconf 85' lang='lat' dir='ltr'>hibernici,</span> <span class='ocrx_word' id='word_1_152' title='bbox 2474 2035 2769 2086; x_wconf 88' lang='lat' dir='ltr'>naturam</span> <span class='ocrx_word' id='word_1_153' title='bbox 2791 2043 2944 2106; x_wconf 87' lang='lat' dir='ltr'>prae-</span> 
     </span>
     <span class='ocr_line' id='line_1_17' title="bbox 629 2127 2944 2213; baseline -0.001 -22"><span class='ocrx_word' id='word_1_154' title='bbox 629 2129 946 2195; x_wconf 80' lang='lat' dir='ltr'>valentem</span> <span class='ocrx_word' id='word_1_155' title='bbox 993 2129 1379 2191; x_wconf 87' lang='lat' dir='ltr'>substantivi</span> <span class='ocrx_word' id='word_1_156' title='bbox 1420 2151 1569 2213; x_wconf 90' lang='lat' dir='ltr'>prae</span> <span class='ocrx_word' id='word_1_157' title='bbox 1600 2152 1667 2192; x_wconf 88' lang='lat' dir='ltr'>se</span> <span class='ocrx_word' id='word_1_158' title='bbox 1698 2130 1818 2191; x_wconf 85' lang='lat' dir='ltr'>fert</span> <span class='ocrx_word' id='word_1_159' title='bbox 1847 2129 2142 2212; x_wconf 86' lang='lat' dir='ltr'>praefixis</span> <span class='ocrx_word' id='word_1_160' title='bbox 2173 2131 2537 2213; x_wconf 84' lang='lat' dir='ltr'>frequenter</span> <span class='ocrx_word' id='word_1_161' title='bbox 2566 2127 2944 2213; x_wconf 87' lang='lat' dir='ltr'>praepositio-</span> 
     </span>
     <span class='ocr_line' id='line_1_18' title="bbox 629 2234 2668 2318; baseline 0.001 -23"><span class='ocrx_word' id='word_1_162' title='bbox 629 2234 843 2310; x_wconf 84' lang='lat' dir='ltr'>nibuS,</span> <span class='ocrx_word' id='word_1_163' title='bbox 881 2256 937 2296; x_wconf 92' lang='lat' dir='ltr'>e.</span> <span class='ocrx_word' id='word_1_164' title='bbox 973 2257 1069 2317; x_wconf 88' lang='lat' dir='ltr'>gr.</span> <span class='ocrx_word' id='word_1_165' title='bbox 1101 2236 1348 2318; x_wconf 70' lang='lat' dir='ltr'>ywedy,</span> <span class='ocrx_word' id='word_1_166' title='bbox 1385 2235 1522 2311; x_wconf 78' lang='lat' dir='ltr'>heb,</span> <span class='ocrx_word' id='word_1_167' title='bbox 1559 2258 1674 2298; x_wconf 85' lang='lat' dir='ltr'>rac</span> <span class='ocrx_word' id='word_1_168' title='bbox 1704 2246 1825 2298; x_wconf 90' lang='lat' dir='ltr'>etc.</span> <span class='ocrx_word' id='word_1_169' title='bbox 1863 2235 1971 2315; x_wconf 90' lang='lat' dir='ltr'>(cf.</span> <span class='ocrx_word' id='word_1_170' title='bbox 2008 2258 2073 2318; x_wconf 91' lang='lat' dir='ltr'>p.</span> <span class='ocrx_word' id='word_1_171' title='bbox 2115 2241 2260 2298; x_wconf 89' lang='grc'>642.</span> <span class='ocrx_word' id='word_1_172' title='bbox 2301 2242 2447 2297; x_wconf 88' lang='grc'><strong>643.</strong></span> <span class='ocrx_word' id='word_1_173' title='bbox 2487 2240 2668 2318; x_wconf 86' lang='grc'>699).</span> 
     </span>
    </p>

    <p class='ocr_par' dir='ltr' id='par_1_4' title="bbox 631 2340 2947 2847">
     <span class='ocr_line' id='line_1_19' title="bbox 801 2340 2941 2425; baseline -0.002 -21"><span class='ocrx_word' id='word_1_174' title='bbox 801 2341 968 2404; x_wconf 89' lang='lat' dir='ltr'>Cum</span> <span class='ocrx_word' id='word_1_175' title='bbox 1013 2340 1200 2403; x_wconf 89' lang='lat' dir='ltr'>certis</span> <span class='ocrx_word' id='word_1_176' title='bbox 1248 2340 1630 2423; x_wconf 89' lang='lat' dir='ltr'>quibusdam</span> <span class='ocrx_word' id='word_1_177' title='bbox 1673 2340 2279 2425; x_wconf 84' lang='lat' dir='ltr'>praepositionibus,</span> <span class='ocrx_word' id='word_1_178' title='bbox 2331 2364 2387 2404; x_wconf 85' lang='lat' dir='ltr'>e.</span> <span class='ocrx_word' id='word_1_179' title='bbox 2424 2364 2521 2424; x_wconf 86' lang='lat' dir='ltr'>gr.</span> <span class='ocrx_word' id='word_1_180' title='bbox 2574 2342 2803 2403; x_wconf 89' lang='lat' dir='ltr'>cambr.</span> <span class='ocrx_word' id='word_1_181' title='bbox 2848 2360 2941 2423; x_wconf 81' lang='lat' dir='ltr'>yn,</span> 
     </span>
     <span class='ocr_line' id='line_1_20' title="bbox 631 2443 2944 2528; baseline -0.001 -22"><span class='ocrx_word' id='word_1_182' title='bbox 631 2466 804 2509; x_wconf 92' lang='lat' dir='ltr'>corn.</span> <span class='ocrx_word' id='word_1_183' title='bbox 843 2466 956 2521; x_wconf 84' lang='lat' dir='ltr'>ow,</span> <span class='ocrx_word' id='word_1_184' title='bbox 993 2468 1220 2508; x_wconf 89' lang='lat' dir='ltr'>armor.</span> <span class='ocrx_word' id='word_1_185' title='bbox 1256 2468 1394 2523; x_wconf 80' lang='lat' dir='ltr'>ouz,</span> <span class='ocrx_word' id='word_1_186' title='bbox 1432 2447 1790 2510; x_wconf 88' lang='lat' dir='ltr'>infinitivus</span> <span class='ocrx_word' id='word_1_187' title='bbox 1838 2446 2066 2509; x_wconf 88' lang='lat' dir='ltr'>transit</span> <span class='ocrx_word' id='word_1_188' title='bbox 2108 2447 2177 2508; x_wconf 88' lang='lat' dir='ltr'>in</span> <span class='ocrx_word' id='word_1_189' title='bbox 2217 2446 2750 2528; x_wconf 86' lang='lat' dir='ltr'>significationem</span> <span class='ocrx_word' id='word_1_190' title='bbox 2775 2443 2944 2528; x_wconf 87' lang='lat' dir='ltr'>parti-</span> 
     </span>
     <span class='ocr_line' id='line_1_21' title="bbox 632 2550 2947 2638; baseline -0.001 -28"><span class='ocrx_word' id='word_1_191' title='bbox 632 2550 783 2633; x_wconf 88' lang='lat' dir='ltr'>cipii</span> <span class='ocrx_word' id='word_1_192' title='bbox 824 2552 1175 2634; x_wconf 90' lang='lat' dir='ltr'>praesentis</span> <span class='ocrx_word' id='word_1_193' title='bbox 1224 2553 1332 2635; x_wconf 89' lang='lat' dir='ltr'>(cf.</span> <span class='ocrx_word' id='word_1_194' title='bbox 1392 2551 1639 2615; x_wconf 90' lang='lat' dir='ltr'>hibern.</span> <span class='ocrx_word' id='word_1_195' title='bbox 1688 2575 1793 2628; x_wconf 81' lang='lat' dir='ltr'>oc,</span> <span class='ocrx_word' id='word_1_196' title='bbox 1841 2575 1906 2638; x_wconf 91' lang='lat' dir='ltr'>p.</span> <span class='ocrx_word' id='word_1_197' title='bbox 1948 2556 2121 2634; x_wconf 85' lang='lat'>897).</span> <span class='ocrx_word' id='word_1_198' title='bbox 2190 2553 2291 2615; x_wconf 92' lang='lat' dir='ltr'>Ob</span> <span class='ocrx_word' id='word_1_199' title='bbox 2343 2574 2748 2615; x_wconf 89' lang='lat' dir='ltr'>communem</span> <span class='ocrx_word' id='word_1_200' title='bbox 2796 2551 2947 2612; x_wconf 90' lang='lat' dir='ltr'>hunc</span> 
     </span>
     <span class='ocr_line' id='line_1_22' title="bbox 631 2653 2944 2742; baseline -0 -24"><span class='ocrx_word' id='word_1_201' title='bbox 631 2678 822 2719; x_wconf 88' lang='lat' dir='ltr'>usum</span> <span class='ocrx_word' id='word_1_202' title='bbox 850 2657 919 2718; x_wconf 91' lang='lat' dir='ltr'>in</span> <span class='ocrx_word' id='word_1_203' title='bbox 952 2658 1235 2721; x_wconf 90' lang='lat' dir='ltr'>dialectis</span> <span class='ocrx_word' id='word_1_204' title='bbox 1264 2659 1640 2722; x_wconf 86' lang='lat' dir='ltr'>britannicis</span> <span class='ocrx_word' id='word_1_205' title='bbox 1671 2658 1807 2741; x_wconf 90' lang='lat' dir='ltr'>ejus</span> <span class='ocrx_word' id='word_1_206' title='bbox 1839 2660 2131 2741; x_wconf 87' lang='lat' dir='ltr'>exempla</span> <span class='ocrx_word' id='word_1_207' title='bbox 2151 2659 2289 2741; x_wconf 91' lang='lat' dir='ltr'>jam</span> <span class='ocrx_word' id='word_1_208' title='bbox 2317 2659 2384 2721; x_wconf 90' lang='lat' dir='ltr'>in</span> <span class='ocrx_word' id='word_1_209' title='bbox 2418 2660 2629 2742; x_wconf 88' lang='lat' dir='ltr'>capite</span> <span class='ocrx_word' id='word_1_210' title='bbox 2659 2661 2735 2721; x_wconf 91' lang='lat' dir='ltr'>de</span> <span class='ocrx_word' id='word_1_211' title='bbox 2758 2653 2944 2719; x_wconf 83' lang='lat' dir='ltr'>formis</span> 
     </span>
     <span class='ocr_line' id='line_1_23' title="bbox 631 2745 2576 2847; baseline 0.002 -24"><span class='ocrx_word' id='word_1_212' title='bbox 631 2762 808 2824; x_wconf 90' lang='lat' dir='ltr'>verbi</span> <span class='ocrx_word' id='word_1_213' title='bbox 837 2774 1204 2826; x_wconf 88' lang='lat' dir='ltr'>enumerata</span> <span class='ocrx_word' id='word_1_214' title='bbox 1235 2776 1388 2827; x_wconf 89' lang='lat' dir='ltr'>sunt</span> <span class='ocrx_word' id='word_1_215' title='bbox 1419 2769 1512 2847; x_wconf 86' lang='lat' dir='ltr'>(p.</span> <span class='ocrx_word' id='word_1_216' title='bbox 1553 2767 1727 2844; x_wconf 86' lang='lat'>522).</span> <span class='ocrx_word' id='word_1_217' title='bbox 2573 2745 2576 2748; x_wconf 21' lang='grc' dir='ltr'>Ι</span> 
     </span>
    </p>
   </div>
   <div class='ocr_carea' id='block_1_3' title="bbox 1287 3323 2304 3395">
    <p class='ocr_par' dir='ltr' id='par_1_5' title="bbox 1287 3323 2304 3395">
     <span class='ocr_line' id='line_1_24' title="bbox 1287 3323 2304 3395; baseline 0.002 -3"><span class='ocrx_word' id='word_1_218' title='bbox 1287 3323 1634 3394; x_wconf 76' lang='lat' dir='ltr'><strong>CAPUT</strong></span> <span class='ocrx_word' id='word_1_219' title='bbox 1704 3323 2304 3395; x_wconf 86' lang='lat' dir='ltr'>SECUNDUM.</span> 
     </span>
    </p>
   </div>
   <div class='ocr_carea' id='block_1_4' title="bbox 1067 3523 2529 3619">
    <p class='ocr_par' dir='ltr' id='par_1_6' title="bbox 1067 3523 2529 3619">
     <span class='ocr_line' id='line_1_25' title="bbox 1067 3523 2529 3619; baseline 0.005 -27"><span class='ocrx_word' id='word_1_220' title='bbox 1067 3523 1182 3593; x_wconf 89' lang='lat' dir='ltr'>De</span> <span class='ocrx_word' id='word_1_221' title='bbox 1212 3526 1751 3596; x_wconf 85' lang='lat' dir='ltr'>constructione</span> <span class='ocrx_word' id='word_1_222' title='bbox 1787 3526 2118 3619; x_wconf 71' lang='lat' dir='ltr'>poeticae</span> <span class='ocrx_word' id='word_1_223' title='bbox 2157 3527 2529 3600; x_wconf 68' lang='lat' dir='ltr'>orationis</span> 
     </span>
    </p>
   </div>
   <div class='ocr_carea' id='block_1_5' title="bbox 629 3709 2966 4547">
    <p class='ocr_par' dir='ltr' id='par_1_7' title="bbox 629 3709 2966 4547">
     <span class='ocr_line' id='line_1_26' title="bbox 803 3709 2940 3810; baseline -0.002 -25"><span class='ocrx_word' id='word_1_224' title='bbox 803 3724 955 3785; x_wconf 95' lang='lat' dir='ltr'>Non</span> <span class='ocrx_word' id='word_1_225' title='bbox 1007 3709 1331 3785; x_wconf 88' lang='lat' dir='ltr'>communi</span> <span class='ocrx_word' id='word_1_226' title='bbox 1387 3724 1648 3808; x_wconf 88' lang='lat' dir='ltr'>linguae</span> <span class='ocrx_word' id='word_1_227' title='bbox 1691 3725 1915 3788; x_wconf 91' lang='lat' dir='ltr'>habitu</span> <span class='ocrx_word' id='word_1_228' title='bbox 1959 3727 2245 3809; x_wconf 89' lang='lat' dir='ltr'>procedit</span> <span class='ocrx_word' id='word_1_229' title='bbox 2285 3728 2533 3810; x_wconf 74' lang='lat' dir='ltr'>po‘etica</span> <span class='ocrx_word' id='word_1_230' title='bbox 2580 3724 2809 3797; x_wconf 90' lang='lat' dir='ltr'>oratio,</span> <span class='ocrx_word' id='word_1_231' title='bbox 2851 3716 2940 3781; x_wconf 85' lang='lat' dir='ltr'>sed</span> 
     </span>
     <span class='ocr_line' id='line_1_27' title="bbox 632 3828 2939 3916; baseline -0.002 -27"><span class='ocrx_word' id='word_1_232' title='bbox 632 3828 890 3911; x_wconf 87' lang='lat' dir='ltr'>propria</span> <span class='ocrx_word' id='word_1_233' title='bbox 932 3828 1134 3891; x_wconf 86' lang='lat' dir='ltr'>forma</span> <span class='ocrx_word' id='word_1_234' title='bbox 1174 3828 1402 3892; x_wconf 90' lang='lat' dir='ltr'>induta</span> <span class='ocrx_word' id='word_1_235' title='bbox 1443 3842 1517 3893; x_wconf 94' lang='lat' dir='ltr'>ut</span> <span class='ocrx_word' id='word_1_236' title='bbox 1556 3841 1732 3893; x_wconf 88' lang='lat' dir='ltr'>veste</span> <span class='ocrx_word' id='word_1_237' title='bbox 1777 3830 2024 3894; x_wconf 88' lang='lat' dir='ltr'>festiva.</span> <span class='ocrx_word' id='word_1_238' title='bbox 2088 3832 2414 3896; x_wconf 85' lang='lat' dir='ltr'>Differunt</span> <span class='ocrx_word' id='word_1_239' title='bbox 2442 3832 2668 3916; x_wconf 87' lang='lat' dir='ltr'>populi</span> <span class='ocrx_word' id='word_1_240' title='bbox 2699 3830 2762 3891; x_wconf 91' lang='lat' dir='ltr'>in</span> <span class='ocrx_word' id='word_1_241' title='bbox 2792 3844 2939 3888; x_wconf 86' lang='lat' dir='ltr'>exor-</span> 
     </span>
     <span class='ocr_line' id='line_1_28' title="bbox 633 3923 2940 4021; baseline 0 -26"><span class='ocrx_word' id='word_1_242' title='bbox 633 3935 848 3996; x_wconf 88' lang='lat' dir='ltr'>nanda</span> <span class='ocrx_word' id='word_1_243' title='bbox 891 3934 1030 4009; x_wconf 92' lang='lat' dir='ltr'>hac,</span> <span class='ocrx_word' id='word_1_244' title='bbox 1068 3934 1217 4016; x_wconf 92' lang='lat' dir='ltr'>quia</span> <span class='ocrx_word' id='word_1_245' title='bbox 1263 3935 1496 3998; x_wconf 87' lang='lat' dir='ltr'>diversi</span> <span class='ocrx_word' id='word_1_246' title='bbox 1538 3947 1693 3998; x_wconf 89' lang='lat' dir='ltr'>sunt</span> <span class='ocrx_word' id='word_1_247' title='bbox 1733 3937 1906 3999; x_wconf 92' lang='lat' dir='ltr'>modi</span> <span class='ocrx_word' id='word_1_248' title='bbox 1950 3938 2181 4020; x_wconf 91' lang='lat' dir='ltr'>quibus</span> <span class='ocrx_word' id='word_1_249' title='bbox 2225 3938 2463 4021; x_wconf 86' lang='lat' dir='ltr'>ligatur</span> <span class='ocrx_word' id='word_1_250' title='bbox 2493 3937 2716 4000; x_wconf 89' lang='lat' dir='ltr'>orati0.</span> <span class='ocrx_word' id='word_1_251' title='bbox 2778 3923 2940 4014; x_wconf 87' lang='lat' dir='ltr'>Apud</span> 
     </span>
     <span class='ocr_line' id='line_1_29' title="bbox 632 4034 2939 4126; baseline -0.003 -26"><span class='ocrx_word' id='word_1_252' title='bbox 632 4041 946 4121; x_wconf 79' lang='lat' dir='ltr'>quosdam</span> <span class='ocrx_word' id='word_1_253' title='bbox 977 4038 1152 4101; x_wconf 91' lang='lat' dir='ltr'>enim</span> <span class='ocrx_word' id='word_1_254' title='bbox 1179 4039 1414 4121; x_wconf 92' lang='lat' dir='ltr'>prodiit</span> <span class='ocrx_word' id='word_1_255' title='bbox 1443 4042 1703 4104; x_wconf 89' lang='lat' dir='ltr'>habitus</span> <span class='ocrx_word' id='word_1_256' title='bbox 1734 4044 2036 4105; x_wconf 87' lang='lat' dir='ltr'>orationis</span> <span class='ocrx_word' id='word_1_257' title='bbox 2067 4043 2300 4126; x_wconf 87' lang='lat' dir='ltr'>ligatae</span> <span class='ocrx_word' id='word_1_258' title='bbox 2330 4064 2365 4105; x_wconf 90' lang='lat' dir='ltr'>e</span> <span class='ocrx_word' id='word_1_259' title='bbox 2395 4043 2753 4125; x_wconf 87' lang='lat' dir='ltr'>quantitate</span> <span class='ocrx_word' id='word_1_260' title='bbox 2781 4034 2939 4119; x_wconf 82' lang='lat' dir='ltr'>sylla-</span> 
     </span>
     <span class='ocr_line' id='line_1_30' title="bbox 632 4145 2966 4229; baseline -0.001 -24"><span class='ocrx_word' id='word_1_261' title='bbox 632 4146 890 4219; x_wconf 87' lang='lat' dir='ltr'>barum,</span> <span class='ocrx_word' id='word_1_262' title='bbox 939 4147 1111 4227; x_wconf 90' lang='lat' dir='ltr'>apud</span> <span class='ocrx_word' id='word_1_263' title='bbox 1154 4146 1310 4208; x_wconf 90' lang='lat' dir='ltr'>alios</span> <span class='ocrx_word' id='word_1_264' title='bbox 1353 4166 1388 4208; x_wconf 88' lang='lat' dir='ltr'>e</span> <span class='ocrx_word' id='word_1_265' title='bbox 1424 4147 1840 4229; x_wconf 86' lang='lat' dir='ltr'>congruentia</span> <span class='ocrx_word' id='word_1_266' title='bbox 1870 4169 2192 4225; x_wconf 88' lang='lat' dir='ltr'>sonorum,</span> <span class='ocrx_word' id='word_1_267' title='bbox 2228 4151 2385 4211; x_wconf 92' lang='lat' dir='ltr'>dum</span> <span class='ocrx_word' id='word_1_268' title='bbox 2417 4149 2528 4211; x_wconf 91' lang='lat' dir='ltr'>alii</span> <span class='ocrx_word' id='word_1_269' title='bbox 2556 4169 2676 4211; x_wconf 91' lang='lat' dir='ltr'>nec</span> <span class='ocrx_word' id='word_1_270' title='bbox 2707 4147 2819 4208; x_wconf 88' lang='lat' dir='ltr'>hoc</span> <span class='ocrx_word' id='word_1_271' title='bbox 2844 4145 2966 4202; x_wconf 71' lang='lat' dir='ltr'>nec&#39;</span> 
     </span>
     <span class='ocr_line' id='line_1_31' title="bbox 632 4241 2940 4338; baseline -0 -27"><span class='ocrx_word' id='word_1_272' title='bbox 632 4250 741 4312; x_wconf 92' lang='lat' dir='ltr'>illo</span> <span class='ocrx_word' id='word_1_273' title='bbox 784 4252 972 4312; x_wconf 92' lang='lat' dir='ltr'>modo</span> <span class='ocrx_word' id='word_1_274' title='bbox 1016 4261 1269 4314; x_wconf 90' lang='lat' dir='ltr'>utentes</span> <span class='ocrx_word' id='word_1_275' title='bbox 1300 4253 1588 4315; x_wconf 90' lang='lat' dir='ltr'>contenti</span> <span class='ocrx_word' id='word_1_276' title='bbox 1618 4263 1770 4316; x_wconf 90' lang='lat' dir='ltr'>sunt</span> <span class='ocrx_word' id='word_1_277' title='bbox 1799 4254 1937 4338; x_wconf 84' lang='lat' dir='ltr'>pari</span> <span class='ocrx_word' id='word_1_278' title='bbox 1969 4255 2356 4338; x_wconf 85' lang='lat' dir='ltr'>syllabarum</span> <span class='ocrx_word' id='word_1_279' title='bbox 2386 4276 2653 4317; x_wconf 87' lang='lat' dir='ltr'>numero</span> <span class='ocrx_word' id='word_1_280' title='bbox 2683 4253 2751 4315; x_wconf 90' lang='lat' dir='ltr'>in</span> <span class='ocrx_word' id='word_1_281' title='bbox 2780 4241 2940 4311; x_wconf 80' lang='lat' dir='ltr'>versi·</span> 
     </span>
     <span class='ocr_line' id='line_1_32' title="bbox 630 4355 2942 4444; baseline -0.001 -28"><span class='ocrx_word' id='word_1_282' title='bbox 630 4356 773 4429; x_wconf 86' lang='lat' dir='ltr'>bus,</span> <span class='ocrx_word' id='word_1_283' title='bbox 811 4365 886 4417; x_wconf 93' lang='lat' dir='ltr'>ut</span> <span class='ocrx_word' id='word_1_284' title='bbox 917 4356 1088 4433; x_wconf 90' lang='lat' dir='ltr'>Indi,</span> <span class='ocrx_word' id='word_1_285' title='bbox 1124 4357 1227 4444; x_wconf 80' lang='lat' dir='ltr'>vel</span> <span class='ocrx_word' id='word_1_286' title='bbox 1272 4358 1738 4421; x_wconf 86' lang='lat' dir='ltr'>sententiarum</span> <span class='ocrx_word' id='word_1_287' title='bbox 1784 4362 2059 4440; x_wconf 86' lang='lat' dir='ltr'>quadam</span> <span class='ocrx_word' id='word_1_288' title='bbox 2088 4361 2492 4443; x_wconf 85' lang='lat' dir='ltr'>aequalitate,</span> <span class='ocrx_word' id='word_1_289' title='bbox 2530 4381 2723 4443; x_wconf 88' lang='lat' dir='ltr'>quam</span> <span class='ocrx_word' id='word_1_290' title='bbox 2751 4355 2942 4419; x_wconf 82' lang='lat' dir='ltr'>dicunt</span> 
     </span>
     <span class='ocr_line' id='line_1_33' title="bbox 629 4460 2942 4547; baseline 0 -25"><span class='ocrx_word' id='word_1_291' title='bbox 629 4463 1153 4542; x_wconf 83' lang='lat' dir='ltr'>parallelismum,</span> <span class='ocrx_word' id='word_1_292' title='bbox 1183 4473 1257 4524; x_wconf 88' lang='lat' dir='ltr'>ut</span> <span class='ocrx_word' id='word_1_293' title='bbox 1287 4463 1592 4526; x_wconf 89' lang='lat' dir='ltr'>Hebraei.</span> <span class='ocrx_word' id='word_1_294' title='bbox 1645 4464 1754 4525; x_wconf 94' lang='lat' dir='ltr'>Illi</span> <span class='ocrx_word' id='word_1_295' title='bbox 1786 4466 2257 4529; x_wconf 84' lang='lat' dir='ltr'>constituerunt</span> <span class='ocrx_word' id='word_1_296' title='bbox 2286 4467 2633 4530; x_wconf 89' lang='lat' dir='ltr'>orationem</span> <span class='ocrx_word' id='word_1_297' title='bbox 2665 4460 2942 4547; x_wconf 54' lang='lat' dir='ltr'>poeticam</span> 
     </span>
    </p>
   </div>
  </div>
 </body>
</html>
