3150 5242
402 327 780 372 APPENmX.
846 329 1177 374 srncmmv
1209 331 1461 375 comcrs
1497 332 1852 399 mmmmm
1887 333 2225 388 muscum
2258 335 2356 378 so.
2457 318 2617 379 1015

258 479 530 563 placuit,
574 502 690 562 pro
730 502 774 562 p
821 457 885 542 et
914 478 981 556 h,
1018 481 1051 542 f
1072 481 1281 557 scribi,
1319 492 1394 545 ut
1421 481 1612 558 fama,
1652 481 1847 560 filius,
1884 482 2068 559 facio,
2103 484 2242 547 loco
2271 497 2488 548 autem
2518 487 2609 549 di-

256 606 519 667 gamma
552 585 613 647 V
641 606 758 667 pro
788 599 1201 663 consonante,
1222 586 1242 621 ¹
1285 589 1455 670 quod
1485 587 1864 671 cognatione
1895 585 2079 653 soni²
2110 590 2442 655 videbatur
2470 592 2607 656 affi-

257 690 363 753 nis
395 685 574 754 esse3
605 692 928 775 digamma
956 716 1031 756 ea
1059 694 1263 758 litera.
1318 697 1531 762 Quare
1563 717 1712 758 cum
1742 695 1776 757 f
1796 695 1933 759 loco
1962 707 2178 781 mutae
2208 708 2506 780 ponatur,
2528 699 2607 761 id

255 809 377 873 est,
411 820 455 880 p
502 809 569 861 et
610 788 818 862 h'sive
848 823 920 887 φ,
952 799 1186 864 1111101·4
1227 800 1591 865 hanc'inter
1621 800 2024 866 semivocales
2054 804 2341 887 posuisse
2371 805 2606 868 artium

252 902 619 986 scriptores,
684 904 872 968 Nihil
912 907 1084 970 enim
1125 907 1301 970 aliud
1346 908 1537 970 habet
1582 906 1737 970 haec
1780 907 1964 971 litera
2005 909 2396 973 semivocalis
2413 959 2433 986 ,
2479 911 2604 974 nisi

251 1009 541 1072 nominis
585 1011 1026 1093 prolationem,
1063 1036 1225 1096 quae
1272 1036 1308 1076 a
1357 1013 1556 1077 vocali
1601 1013 1850 1097 incipit.
1918 1016 2196 1078 Sed-hoc
2225 1028 2605 1100 potestatem

249 1113 521 1178 literae⁵
554 1127 802 1180 mutare
831 1140 961 1182 non
993 1120 1235 1183 debuit.
1301 1119 1372 1182 Si
1402 1119 1575 1183 enim
1605 1132 1770 1183 esset
1800 1121 2214 1199 semivocaliS,
2251 1124 2605 1188 necessario

251 1221 615 1285 terminalis
668 1223 1046 1288 nominum⁶
1088 1226 1517 1302 inveniretur,
1566 1228 1738 1309 quod
1781 1226 2044 1289 minime
2087 1228 2358 1311 reperies
2376 1277 2397 1305 ,
2416 1228 2441 1262 ⁷
2485 1252 2603 1293 nec

248 1339 405 1391 ante
448 1328 473 1390 l
520 1329 619 1391 vel
659 1353 692 1392 r
726 1329 795 1392 in
825 1333 1043 1394 eadem
1077 1333 1319 1416 syllaba
1347 1331 1501 1417 poni
1531 1343 1766 1416 posset,
1803 1332 1912 1414 qui
1943 1333 2120 1397 loeus
2150 1346 2478 1398 mutarum
2507 1346 2604 1399 est

246 1436 598 1511 duntaxat,
616 1431 645 1470 ⁸
688 1458 806 1499 nec
848 1459 1254 1502 communem
1294 1449 1444 1501 ante
1485 1440 1738 1502 easdem
1768 1438 1975 1522 posita
2004 1439 2236 1503 faceret
2264 1441 2596 1523 syllabam.

248 1542 591 1605 Postremo
623 1544 874 1620 Graeci,
913 1545 1144 1628 quibus
1186 1543 1255 1606 in
1301 1545 1477 1607 omni
1518 1545 1806 1608 doctrina
1849 1544 2213 1608 auctoribus
2248 1546 2511 1622 utimur,
2550 1569 2602 1634 φ

245 1647 441 1731 cujus
480 1648 693 1711 locum
735 1651 909 1733 apud
953 1673 1070 1713 nos
1112 1651 1145 1712 f
1177 1651 1443 1726 obtinet,
1481 1653 1652 1733 quod
1695 1649 2052 1713 ostenditur
2091 1649 2160 1712 in
2190 1650 2290 1714 his
2323 1652 2601 1716 maxime

246 1753 667 1832 dictionibus,
704 1778 862 1838 quas
908 1780 946 1820 a
977 1756 1239 1821 Graecis
1280 1757 1650 1834 sumsimuS,
1673 1753 1699 1791 ⁹
1727 1756 1849 1819 hoc
1879 1766 1998 1833 est,
2034 1756 2225 1833 fama,
2261 1757 2434 1840 fuga,
2471 1758 2596 1835 fur,

244 1871 507 1924 mutam
551 1882 688 1923 esse
730 1864 1133 1925 confirmant.
1200 1862 1544 1925 Sciendum
1588 1874 1825 1939 tamen,
1865 1865 2036 1945 quod
2079 1863 2184 1926 hic
2226 1885 2477 1946 quoque
2508 1887 2602 1928 er-

246 1989 356 2030 ror
377 1962 432 2000 ¹⁰
473 1989 512 2028 a
555 1965 936 2048 quibusdam
967 1967 1247 2050 antiquis
1279 1969 1670 2031 Graecorum
1698 1967 2129 2050 grammaticis
2159 1968 2395 2035 invasit
2426 1970 2601 2034 Lati-

244 2068 465 2147 n08,¹¹
515 2071 626 2154 qui
672 2094 724 2157 φ
769 2082 833 2134 et
875 2075 932 2135 θ
971 2082 1036 2135 et
1063 2096 1104 2152 χ
1133 2072 1540 2136 semivocales
1569 2075 1908 2156 putabant,
1947 2075 2127 2138 nulla
2159 2074 2284 2139 alia
2314 2097 2527 2152 causa,
2550 2072 2602 2110 ¹²

243 2178 381 2242 nisi
425 2179 597 2260 quod
627 2172 953 2260 spiritus¹3
996 2178 1067 2240 in
1110 2178 1201 2242 eis
1233 2180 1548 2256 abundet,
1572 2179 1843 2243 inducti.
1911 2183 2101 2248 Quod
2120 2179 2175 2215 ¹4
2204 2182 2260 2244 si
2303 2193 2468 2246 esset
2498 2206 2600 2247 ve-

244 2307 421 2360 rum,
458 2284 680 2347 debuit
722 2307 755 2346 c
801 2305 1052 2366 quoque
1095 2284 1197 2346 vel
1244 2295 1269 2347 t
1311 2284 1528 2349 addita
1570 2286 1954 2368 aspiratione
1996 2287 2388 2352 semivocalis
2435 2311 2593 2366 esse,

243 2392 427 2474 quod
473 2389 648 2453 omni
678 2400 849 2453 caret
878 2389 1144 2453 ratione.
1211 2390 1489 2475 Spiritus
1507 2389 1560 2424 ¹⁵
1605 2392 1778 2454 enim
1806 2403 2188 2476 potestatem
2218 2395 2439 2458 literae
2469 2417 2600 2459 non

246 2507 501 2572 mutat,
564 2498 736 2559 unde
794 2518 911 2561 nec
972 2496 1218 2559 vocales
1277 2496 1495 2560 addita
1544 2498 1930 2582 aspiratione
1992 2496 2224 2562 aliae¹⁶
2281 2503 2485 2578 fiunt,
2534 2513 2599 2577 et

246 2604 418 2667 aliae
436 2600 488 2637 ¹⁷
534 2626 607 2666 ea
651 2604 885 2666 demta.
952 2603 1099 2666 Hoc.
1145 2613 1358 2667 tamen
1401 2602 1559 2667 scire
1606 2605 1931 2682 debemus,
1969 2608 2140 2690 quod
2167 2630 2300 2672 non
2330 2607 2476 2671 fixis
2506 2609 2596 2673 la-

245 2704 455 2774 bris¹⁸
487 2719 584 2771 est
613 2708 1088 2792 pronuntianda
1118 2709 1163 2786 f,
1201 2712 1516 2793 quomodo
1546 2733 1590 2794 p
1620 2721 1685 2778 et
1715 2711 1781 2786 h,
1806 2708 1856 2745 ¹⁹
1887 2722 2079 2795 atque
2110 2714 2231 2777 hoc
2261 2715 2470 2778 solum
2499 2715 2596 2778 in·

249 2826 471 2880 terest.
492 2810 548 2849 ²⁰
607 2816 675 2877 X
723 2815 916 2878 etiam
956 2816 1279 2900 duplicem
1308 2816 1445 2879 loco
1477 2839 1509 2879 c
1540 2827 1604 2879 et
1635 2839 1664 2879 s
1696 2818 1795 2880 vel
1825 2840 1869 2901 g
1897 2829 1961 2881 et
1991 2841 2044 2894 S,
2080 2831 2300 2904 postea
2332 2843 2370 2883 a
2400 2821 2597 2884 Grae-

248 2923 347 2992 cis*
386 2921 740 2997 inventam,
776 2920 1215 2984 assumsimus.
1281 2923 1349 2984 K
1392 2920 1565 2983 enim
1608 2933 1673 2984 et
1714 2945 1777 3004 q,
1813 2925 2102 3006 quamvis
2144 2927 2351 3010 figura
2392 2937 2456 2990 et
2484 2949 2596 2991 no-

247 3028 424 3091 mine
475 3027 807 3090 videantur
848 3027 1128 3109 aliquam
1169 3027 1400 3090 habere
1445 3027 1888 3105 differentiam,
1925 3052 2072 3093 cum
2111 3054 2145 3096 c
2193 3023 2407 3096 tamen
2449 3056 2595 3098 ean-

246 3137 421 3209 dem,
459 3145 594 3197 tam
637 3133 705 3195 in
752 3154 907 3196 sono
951 3154 1180 3196 vocum
1221 3155 1415 3216 quam
1457 3133 1528 3196 in
1563 3146 1790 3211 metr0,
1827 3137 2160 3201 continent
2187 3148 2590 3221 potestatem.

248 3241 336 3303 Et
379 3240 427 3301 k
470 3238 729 3321 quidem
772 3239 1030 3323 penitus
1074 3261 1467 3321 supervacua
1504 3252 1638 3316 est3
1686 3241 1867 3305 nulla
1906 3243 2079 3305 enim
2124 3244 2286 3307 ratio
2318 3244 2590 3320 videtur,

389 3571 490 3640 (6⁸)
569 3575 589 3622 1
634 3587 691 3622 .1.
722 3569 875 3623 intan-
895 3570 1031 3624 viabis
1055 3572 1373 3625 archamain
1462 3574 1491 3622 2
1516 3571 1715 3641 sequi-r
1799 3575 1828 3624 3
1856 3590 2093 3627 comocus
2117 3576 2315 3645 asoqur
2338 3575 2596 3632 diblinaib

249 3661 280 3709 4
317 3655 708 3709 admachdurea
753 3672 810 3706 .1.
849 3653 1155 3711 ismackdad
1188 3658 1280 3711 Ζίῆῖ
1351 3662 1380 3711 5
1417 3656 1858 3712 m'cumscaiclcthi
1891 3661 2195 3714 cumachtae
2224 3660 2374 3713 nairi
2391 3662 2594 3716 cedvin-

247 3760 411 3796 scana
433 3740 488 3794 ei
501 3743 531 3792 ό
543 3740 700 3810 yuth.
775 3745 805 3793 6
827 3741 1194 3813 foreeinnfltzls
1209 3752 1444 3798 anfflarm
1466 3742 1577 3797 inte
1650 3746 1675 3794 7
1704 3744 1830 3797 aoht
1844 3744 1988 3798 aaiffi
2012 3745 2128 3814 (sic)
2141 3744 2320 3812 sathin
2389 3750 2418 3800 8
2448 3747 2595 3802 buitk

248 3825 647 3881 relechdachat'b

388 3915 420 3963 9
462 3911 540 3980 (111
564 3913 759 3982 marg.)
789 3913 952 3965 nibbu
984 3912 1268 3966 nzackdath
1305 3912 1433 3966 betis
1454 3914 1640 3983 qrecdi
1664 3918 1689 3966 7
1717 3915 1940 3967 nothath
1950 3914 2143 3982 soraib
2170 3914 2310 3970 linui
2331 3920 2357 3969 7
2385 3917 2506 3970 dam
2531 3918 2595 3972 it,-

248 3997 446 4051 latindi
464 4014 571 4050 am.
591 3997 778 4049 &odaia
803 4003 865 4050 ut
885 3996 1024 4051 dixit
1033 3997 1193 4066 prius
1217 3998 1275 4051 in
1300 3998 1414 4052 lati.
1438 3999 1615 4052 uerbis
1628 3999 1900 4068 placuitf
1912 4017 2028 4070 usq.
2041 4000 2198 4067 facio
2273 4004 2334 4054 10
2364 4019 2420 4055 ,1.
2442 4005 2595 4055 a'ram

236 4084 285 4151 f
299 4082 617 4151 lalethquth.
696 4086 752 4136 11
796 4101 854 4137 .1.
886 4088 964 4136 tre
987 4082 1263 4137 int-§amad
1284 4084 1411 4137 iuna
1435 4102 1650 4153 senyrec
1674 4084 2060 4139 comroircnech

395 4170 456 4218 12
493 4168 737 4219 ciramtar
771 4166 988 4222 duidehi
1016 4167 1123 4221 aidi
1153 4170 1320 4222 <inach
1340 4162 1554 4237 sachun
1592 4169 1727 4223 ailiu
1870 4175 1929 4222 13
1970 4167 2186 4240 tin'phed
2325 4174 2385 4223 14
2420 4174 2597 4227 αηίείη

259 4259 317 4306 15
367 4249 622 4321 atihphed
714 4256 785 4306 16.
810 4252 957 4305 suini
981 4280 989 4286 -
1040 4256 1098 4305 17
1136 4253 1279 4306 suini
1366 4257 1427 4308 18
1466 4253 1796 4309 amthastaib
1833 4255 1868 4309 l.
1911 4256 2147 4309 cume-aih
2236 4260 2296 4308 19
2336 4256 2412 4314 tri
2447 4258 2599 4310 beulu

251 4338 428 4391 ammi
513 4341 578 4389 20
614 4337 755 4392 inter
773 4340 826 4408 s
851 4344 904 4392 et
943 4338 1080 4392 alias
1103 4345 1278 4393 mutas
1307 4358 1363 4392 .1.
1378 4341 1555 4409 [σφιν
1583 4345 1673 4394 tm,
1702 4340 2358 4410 nodadeliqedarfiwimuta
2385 4346 2411 4394 7
2438 4341 2601 4396 ismzit

251 4423 301 4476 si
321 4422 676 4476 araehuitsidi
