3150 5242
599 375 719 439 VI.
757 381 816 436 2.
873 393 1318 439 CONSTRUCTIO
1350 394 1627 437 POETICA
1660 390 2091 435 BRITANNICA.
2383 370 2509 430 959

358 544 698 607 Cornica
752 557 817 608 et
868 544 1261 607 armorica
1317 553 1735 607 monumenta
1773 542 2020 625 poetica
2064 539 2410 603 vetustiora
2455 543 2509 602 si

210 654 597 734 superessent,
630 651 800 714 haud
828 651 1018 714 dubie
1049 650 1242 713 etiam
1273 650 1605 712 affinitatis
1638 672 1789 712 suae
1819 648 2032 710 omnia
2063 647 2247 730 signa
2269 669 2418 730 prae
2443 670 2508 708 se

208 756 430 820 ferrent.
496 760 576 820 In
620 757 1068 819 recentioribus
1114 759 1290 819 deest
1330 756 1697 818 assonantia
1736 754 2023 829 initialis,
2070 756 2249 816 adest
2293 763 2508 815 tamen

206 863 383 925 adhuc
414 886 828 946 quaecunque
860 863 983 926 alia
1015 874 1353 926 structura.

348 970 556 1032 Etiam
599 971 669 1032 in
714 968 1034 1032 hodiernis
1082 967 1467 1030 carminibus
1510 967 1732 1051 populi
1762 966 2073 1042 armorici,
2112 989 2273 1049 quae
2303 967 2401 1029 vir
2429 970 2506 1029 de

202 1075 371 1137 literis
414 1077 735 1139 armoricis
776 1077 847 1138 in
890 1075 1111 1158 primis
1157 1075 1441 1149 merituS,
1481 1075 1664 1156 cujus
1694 1095 1928 1135 nomen
1959 1073 2381 1136 clarissimum
2413 1088 2508 1136 est

198 1181 299 1243 Th.
326 1182 591 1244 Hersart
622 1183 701 1244 de
733 1181 796 1243 la
825 1181 1281 1263 Villemarque,
1319 1180 1573 1262 collegit
1605 1192 1668 1241 et
1699 1179 1919 1254 edidit,
1952 1180 2317 1241 assonantia
2347 1182 2503 1242 fina-

196 1286 273 1348 lis·
298 1288 545 1351 nonnisi
590 1288 1028 1370 monosyllaba
1072 1287 1340 1349 obtinet.
1400 1285 1729 1348 Terminat
1769 1286 1927 1347 duos
1972 1306 2189 1347 versus
2231 1296 2343 1347 aut
2374 1307 2504 1346 ma-

185 1390 317 1473 joris
358 1393 653 1457 ambitus
678 1393 1064 1477 syllabarum
1110 1392 1467 1468 duodecim,
1508 1391 1808 1453 tredecim
1837 1390 1940 1452 vel
1970 1389 2358 1471 quindecim,
2395 1391 2505 1472 qui

192 1519 421 1561 caesura
458 1500 527 1563 in
567 1499 782 1562 medio
819 1499 887 1560 in
927 1500 1053 1560 duo
1082 1499 1364 1560 membra
1395 1497 1583 1560 divisi
1616 1509 1788 1573 sunt,
1809 1497 1842 1529 *
1873 1507 1986 1558 aut
2013 1495 2275 1557 minoris
2307 1497 2502 1558 ambi-

190 1766 304 1820 Item
328 1769 380 1822 in
406 1772 646 1824 carmine
669 1770 817 1840 quod
834 1771 1104 1823 Taliesino
1130 1770 1446 1823 attribuitur
1472 1771 1526 1822 in
1545 1769 1853 1822 narratione
1872 1770 1938 1821 de
1959 1769 2061 1820 hoc
2086 1769 2262 1837 pocta,
2285 1775 2340 1818 et
2358 1768 2502 1835 quod

190 1852 353 1923 incipit
378 1857 549 1925 (Mab.
582 1860 634 1918 3,
668 1856 822 1924 351)=

575 1958 677 2026 Es
692 1959 934 2010 awnaeth
950 1964 1155 2026 panton
1489 1957 1704 2025 Aphum
1732 1956 2081 2024 camnlynedd

575 2046 668 2094 Ar
693 2044 826 2095 lawr
851 2043 981 2111 qun
1007 2043 1197 2094 Ebron
1485 2043 1612 2093 Heb
1624 2043 1781 2109 sawr
1802 2043 2078 2110 ymyeledd

574 2127 659 2180 Αἱ
679 2129 881 2197 ddwylo
902 2128 1187 2198 ywynm‘on
1489 2127 1547 2178 Y
1567 2127 1637 2178 bu
1659 2146 1723 2180 en
1743 2129 1993 2197 yorwedd

656 2214 822 2266 Gwz'w
848 2215 940 2265 lun
963 2215 1140 2266 Addo.
1563 2213 1680 2282 C'yn
1705 2213 1816 2264 cael
1838 2212 2037 2265 anima.

183 2313 304 2367 Sunt
324 2316 486 2370 mirae
510 2334 673 2369 voces
696 2316 882 2368 finales
902 2315 1164 2367 linearum
1199 2314 1586 2383 copulantium,
1618 2322 1680 2368 ut
1704 2316 1861 2366 Adda
1901 2315 1988 2384 (=
2014 2317 2210 2387 Adam)
2252 2318 2309 2369 in
2345 2320 2500 2387 ywiw

182 2399 259 2451 lun
281 2403 430 2454 Adda
460 2403 707 2473 (dignam
731 2402 958 2453 formam
984 2399 1197 2463 Adami,
1228 2399 1428 2453 creavit
1452 2399 1628 2469 deus),
1656 2400 1856 2453 latinae
1879 2401 2212 2471 plerumque,
2233 2409 2295 2454 ut
2319 2403 2375 2455 in
2401 2423 2498 2472 eyn

179 2486 278 2538 cael
294 2487 486 2551 anima,
517 2496 575 2541 et
610 2487 669 2539 in
706 2485 1088 2555 sequentibusz
1127 2488 1213 2535 Ar
1247 2484 1332 2536 dir
1356 2484 1534 2548 Assia,
1562 2486 1703 2553 Hyd
1736 2492 1796 2537 at
1816 2487 1954 2555 Efa,
1992 2486 2140 2539 Crist
2161 2488 2270 2556 fab
2294 2490 2493 2556 Alphei,

179 2574 298 2643 Hyd
318 2578 567 2641 Sabrina,
613 2575 708 2628 Tir
736 2575 989 2640 Sarone'a,
1028 2574 1151 2627 Ond
1168 2575 1358 2644 ywyllt
1392 2573 1568 2628 Walia
1598 2574 1725 2644 (leg.
1755 2577 1877 2647 ῃά).
1931 2575 2293 2630 Inveniuntur
2317 2585 2496 2630 tamen

180 2658 355 2714 latinae
370 2681 524 2716 voces
541 2671 598 2715 et
617 2663 747 2713 haec
764 2661 991 2713 triadica
1008 2662 1230 2730 stropha
1247 2660 1407 2712 etiam
1422 2660 1478 2712 in
1494 2659 1613 2711 aliis
1630 2661 1957 2712 carminibus
1970 2662 2239 2714 Taliesino
2259 2663 2494 2715 tributis.

296 2749 320 2773 ⁴*
355 2750 420 2802 E.
450 2768 532 2818 gr.
562 2749 621 2800 in
658 2755 880 2816 quartae
905 2747 1158 2799 editionis
1185 2744 1361 2814 operis
1387 2744 1633 2813 inscripti
1668 2743 2121 2798 “Barzaz-Breiz.
2176 2748 2378 2799 Chants
2403 2766 2496 2818 po-

182 2830 389 2896 pulaires
426 2835 494 2886 de
530 2834 586 2885 la
611 2833 899 2901 Bretagne.
925 2832 1047 2883 Par.
1086 2828 1257 2883 1816”
1286 2838 1434 2883 tomo
1461 2834 1509 2893 2,
1537 2849 1592 2900 p.
1619 2833 1716 2882 348
1746 2831 2018 2883 invenitur
2054 2832 2223 2902 major
2248 2833 2497 2886 omnibus

181 2912 281 2967 aliis
304 2919 551 2982 ambitus,
584 2919 677 2987 qui
718 2925 799 2969 est
835 2917 977 2969 idem
1015 2916 1107 2985 qui
1143 2916 1353 2968 obtinet
1388 2915 1671 2984 inhymno
1700 2915 1993 2968 Secundini
2030 2917 2086 2969 in
2115 2918 2170 2970 S.
2203 2918 2495 2971 Patricium

182 2996 243 3065 (p.
266 3004 397 3072 920),
427 3005 485 3056 in
511 3003 764 3065 carmine,
796 3002 949 3071 cujus
977 3001 1257 3053 exordium
1284 3007 1395 3052 est:

483 3108 583 3158 Ha
609 3105 748 3156 disul
770 3104 940 3155 vintin
955 3121 1034 3172 pa
1058 3101 1197 3154 zaviz
1225 3105 1241 3169 [ι
1269 3108 1417 3153 mont
1439 3103 1505 3153 da
1525 3120 1624 3170 yas
1649 3121 1736 3154 ma
1761 3104 1927 3154 zaoud
1947 3123 2005 3156 er
2031 3123 2160 3167 mez,

484 3192 585 3242 Me
606 3191 751 3258 yleve
774 3207 838 3240 va
864 3189 992 3240 dous
1017 3207 1045 3238 o
1072 3189 1214 3239 hana
1242 3189 1257 3256 Ι]
1286 3188 1388 3255 hay
1416 3188 1479 3239 he
1501 3186 1656 3238 anaiz
1681 3187 1884 3239 diotae-'li
1911 3189 1974 3239 he
1993 3207 2158 3251 moez,

482 3276 582 3327 Me
604 3275 749 3343 yleve
773 3291 838 3325 va
862 3275 989 3325 dous
1014 3292 1043 3324 ο
1070 3275 1230 3337 karta,
1262 3274 1278 3340 ss
1307 3273 1448 3323 hana
1469 3291 1551 3340 qe,
1583 3291 1696 3324 war
1720 3290 1778 3324 er
1803 3291 1998 3335 niemez,

481 3362 587 3413 Ma
611 3378 691 3412 me
714 3365 860 3411 mont
883 3359 1113 3410 da'zevel
1134 3376 1228 3409 eur
1252 3376 1345 3410 zon
1373 3362 1389 3427 fi
1416 3377 1445 3407 0
1472 3358 1616 3409 kana
1637 3357 1830 3426 qanthi
1850 3357 1980 3409 ivez.

179 3455 265 3510 Est
299 3462 603 3515 assonantia
642 3461 948 3531 copulativa
989 3460 1300 3512 continuata
1342 3477 1437 3527 per
1475 3460 1614 3511 hanc
1654 3460 1948 3528 stropham,
1980 3477 2088 3512 non
2125 3468 2304 3513 tamen
2331 3464 2385 3514 in
2414 3481 2493 3515 se-

179 3546 462 3609 quentibus.
519 3548 661 3601 Sunt
694 3565 866 3618 pauca
904 3554 1116 3599 tantum
1157 3545 1399 3615 ejusdem
1438 3544 1673 3597 ambitus
1701 3563 1822 3597 cum
1850 3554 1972 3597 octo
1999 3546 2218 3616 syllabis
2245 3547 2301 3598 in
2327 3549 2491 3617 priori

178 3633 223 3677 et
251 3640 445 3700 septem
483 3634 540 3686 in
572 3632 857 3701 posteriori
881 3632 1121 3683 membro
1148 3629 1383 3682 carmina
1413 3628 1482 3697 (2,
1514 3633 1633 3680 232.
1665 3630 1808 3698 358).
1860 3631 1926 3682 In
1953 3631 2197 3700 pluribus
2223 3643 2351 3684 sunt
2377 3651 2492 3702 sep-

178 3719 269 3765 tem
293 3716 523 3786 syllabae
547 3718 604 3770 in
630 3717 819 3786 prime,
851 3734 945 3769 sex
971 3716 1026 3768 in
1054 3716 1290 3769 secundo
1315 3714 1575 3776 membr0‚
1609 3730 1654 3764 e.
1684 3732 1765 3782 gr.
1803 3718 1846 3777 1,
1879 3719 2005 3767 237:

636 3821 775 3872 Etre
791 3837 985 3887 parrez
1010 3819 1377 3887 Poulderyatss
1406 3817 1474 3868 ha
1491 3834 1685 3884 parrez
1711 3816 1946 3870 Plouare

637 3906 721 3956 Ez
745 3923 835 3956 cuz
862 3903 1104 3956 tudt'entil
1125 3902 1354 3971 iaouany
1378 3903 1398 3971 Η
1425 3920 1454 3954 o
1477 3903 1616 3955 sevel
1636 3920 1774 3954 emm
1799 3919 1966 3954 arme.

174 3996 350 4057 Rarius
373 4007 537 4059 iidem
562 4006 770 4058 numeri
794 4006 993 4057 inversi
1016 4012 1146 4057 sunt
1174 4005 1245 4074 (1,
1276 4006 1394 4074 272)
1418 4024 1431 4056 ε

567 4109 791 4160 Braoan
818 4107 1012 4158 merc’lz
1036 4106 1245 4173 disentil
1268 4106 1285 4174 11
1312 4126 1345 4158 a
1369 4124 1433 4158 oa
1459 4079 1638 4158 drema
1668 4107 2028 4167 tro-war-dr0‚

566 4195 689 4245 Eur
702 4191 1219 4261 plac’hik'triouec'h
1242 4193 1376 4256 vloa‚
1409 4193 1426 4262 ΙΙ
1460 4191 1807 4244 G'wermolaik
1833 4190 1893 4241 hi
1913 4191 2072 4241 hanc.

178 4288 401 4359 Syllabae
427 4315 520 4349 sex
547 4297 603 4348 in
629 4304 856 4365 utroque
882 4294 1121 4346 membro
1149 4297 1223 4358 (1,
1255 4294 1374 4363 240)
1398 4317 1409 4348 ε

637 4400 831 4451 Endra
854 4396 981 4450 virm
1006 4415 1065 4449 er
1091 4396 1259 4448 brezel
1283 4398 1299 4464 ss
1327 4397 1455 4449 Iec’lt
1480 4416 1538 4449 eo
1561 4397 1659 4450 red
1680 4395 1772 4448 din
1796 4403 1991 4454 monet,

636 4484 730 4535 Da
754 4484 871 4535 biou
897 4502 923 4535 e
948 4481 1104 4533 roinn
1128 4499 1209 4532 me
1235 4482 1251 4550 u
1279 4501 1366 4535 ma
1390 4482 1577 4535 dou-sik
1602 4482 1669 4533 da
1693 4480 1869 4533 viret?
