3150 5242
589 359 713 420 928
1018 359 1138 421 VI.
1179 364 1239 421 2.
1303 378 1747 422 consrnuc'mo
1779 376 2054 421 PoE‘ch
2085 376 2480 420 mmmmm.

759 528 840 590 In
891 539 1243 610 postremae
1293 527 1614 611 prooemio
1665 527 2024 590 incantator
2071 526 2142 589 in
2191 527 2379 610 plura
2426 523 2595 588 mala
2646 521 2913 598 invehit,

587 655 858 715 quorum
886 634 1149 696 nomina
1178 634 1316 717 ipsa
1344 656 1477 697 non
1507 633 1646 696 sine
1677 633 2039 696 assonantia
2068 654 2205 695 esse
2233 630 2563 695 videntur:
2600 650 2680 692 ar
2705 628 2922 712 dirinq

590 740 687 819 (in
729 738 1060 822 phthisin?
1104 740 1184 804 cf.
1220 740 1385 823 gael.
1421 738 1774 824 reanyadh,
1821 760 2225 815 marcescere,
2267 735 2682 800 macilentum
2725 733 2919 815 fieri),

588 866 667 907 ar
699 843 1067 928 yothsriny,
1105 866 1184 908 ar
1221 845 1230 930 Ι
1271 854 1366 909 att
1406 844 1703 921 dz'chinn,
1756 867 1834 908 ar
1873 845 1881 932 Ι
1902 845 2111 929 suilib
2152 843 2372 907 hz'airn
2388 890 2408 919 ‚
2443 863 2521 904 ar
2559 840 2568 926 Ι
2607 841 2682 904 αἶ
2720 840 2924 903 loscas

589 959 747 1025 tene,
783 971 861 1011 ar
900 947 908 1035 Ι
950 950 1028 1012 ub
1065 948 1269 1013 hithes
1301 953 1397 1026 στὶ,
1435 949 1617 1033 cujus
1647 962 1964 1034 postrema
1992 972 2116 1014 vox
2146 952 2222 1012 ⁶22
2252 947 2524 1031 amplius
2557 946 2928 1010 assonantia

586 1054 765 1117 finali
789 1053 1019 1137 juncta
1048 1065 1144 1117 est
1174 1055 1465 1137 sequenti
1496 1078 1610 1137 rop
1635 1058 1874 1119 acubrzi
1898 1056 2009 1138 (sit
2033 1076 2272 1131 eorum,
2299 1054 2634 1129 malorum,
2665 1053 2927 1135 conglo-

586 1160 851 1223 meratio
883 1181 1045 1243 quae
1076 1169 1226 1235 etc„
1256 1161 1336 1222 ob
1365 1161 1634 1227 formam
1657 1162 1986 1224 relativam
2008 1159 2332 1244 sequentis
2356 1158 2611 1232 crinas;
2647 1157 2701 1221 si
2726 1159 2927 1221 cubrzi

587 1276 684 1327 est
725 1287 839 1349 pro
869 1254 1096 1341 ὀοόνά,
1145 1286 1421 1349 compos.
1459 1289 1608 1329 cum
1650 1268 1787 1343 brai,
1825 1278 2064 1353 vente-r,
2101 1266 2403 1350 glomus).
2470 1265 2663 1332 Quod
2705 1273 2929 1327 autem

585 1381 741 1453 postr
754 1370 1254 1433 incantationem
1278 1381 1478 1433 totam
1500 1371 1732 1435 minori
1755 1371 2087 1456 scriptura,
2117 1371 2403 1454 ejusdem
2427 1380 2643 1432 tamen
2665 1369 2923 1456 aetatiS,

587 1475 865 1552 additur,
897 1475 1140 1538 indicat
1170 1475 1535 1558 proximum
1573 1464 1924 1540 remedium
1964 1499 2078 1560 pro
2120 1477 2382 1540 vulnere
2411 1476 2930 1558 labiorum‚(ata-

585 1602 835 1644 nessam
880 1581 1167 1657 dolatain
1208 1581 1500 1656 itbeilai&
1548 1604 1700 1645 mox
1742 1584 1869 1659 lut,
1919 1583 2168 1645 hibern.
2218 1581 2369 1645 hod.
2414 1581 2590 1664 gael.·
2619 1582 2739 1658 lot,
2786 1581 2929 1644 vul-

586 1689 762 1768 nus),
826 1686 980 1749 Non
1024 1698 1243 1754 tamen
1283 1686 1389 1750 hic
1431 1688 1826 1771 prooemium
1871 1699 2003 1751 tam
2035 1687 2252 1751 stricto
2280 1688 2468 1751 modo
2498 1688 2932 1770 separandum

585 1802 703 1867 est,
740 1801 815 1853 ut
844 1791 914 1852 in
936 1802 1084 1854 ante
1108 1792 1279 1855 dicta
1300 1791 1756 1869 incantatione,
1784 1795 1863 1857 ob
1886 1793 2157 1876 primam
2179 1814 2514 1876 personam
2536 1792 2731 1876 primi
2752 1791 2935 1856 verbi

587 1906 865 1970 tessur0,·
906 1897 1116 1981 pergit
1159 1897 1333 1959 enim
1373 1897 1673 1981 deinceps
1715 1899 2073 1962 incantator
2100 1899 2170 1960 in
2198 1899 2403 1982 prima
2432 1879 2626 1961 etiam
2654 1919 2934 1981 persona

587 1986 876 2083 1011110118,
915 2013 988 2065 ut
1031 2001 1293 2085 incepit,
1318 2024 1440 2086 ,per
1484 2004 1815 2087 sequentia
1845 2003 2101 2087 (henim,
2142 2003 2540 2085 admuinur).
2606 2003 2729 2068 Est
2774 2003 2932 2067 satis

586 2117 805 2190 aperta
834 2106 903 2168 in
934 2107 1346 2189 sequentibus
1377 2109 1778 2173 assonantia:

758 2272 860 2324 rop
913 2271 948 2306 a
965 2247 1163 2332 Ιοαόνά
1210 2246 1221 2330 Ι
1253 2252 1441 2309 crinas
1476 2246 1486 2333 Ι
1521 2261 1673 2310 teora
1705 2249 1716 2333 Ι
1748 2273 1879 2310 cnoe
1910 2247 1931 2334 ΙΙ
1968 2251 1977 2330 Ι
2012 2261 2155 2310 crete
2186 2248 2195 2333 Ι
2231 2262 2383 2314 teora
2415 2250 2425 2333 Ι
2441 2253 2613 2330 sethi
2643 2247 2650 2333 Ι
2667 2253 2864 2328 fichte
2893 2252 2923 2331 ΙΙ

589 2350 772 2408 henim
814 2353 1019 2427 aqalar
1063 2374 1131 2409 ar
1168 2353 1180 2429 Ι
1202 2354 1371 2429 flucla
1411 2349 1420 2434 Ι
1442 2354 1606 2431 fuili
1635 2348 1655 2433 ΙΙ
1684 2355 1812 2430 quil
1835 2355 1968 2431 fuil
1997 2353 2064 2411 πί
2099 2348 2109 2435 Ι
2146 2355 2342 2412 rubatt
2378 2349 2386 2438 Ι
2425 2360 2516 2412 νέε
2548 2349 2568 2435 ΙΙ
2601 2375 2708 2428 rop
2748 2348 2757 2434 Ι
2799 2355 2930 2411 εἶάη

570 2448 836 2532 forlsate
868 2447 889 2534 ΙΙ
918 2455 1001 2510 'ad
1014 2451 1024 2535 Ι
1042 2454 1278 2512 muinur
1307 2455 1369 2514 in
1405 2455 1416 2532 Ι
1453 2455 1962 2533 eldnicidforacab
1993 2457 2286 2514 diancoeht
2329 2455 2669 2533 lialmuntir
2702 2449 2724 2537 ΙΙ
2759 2478 2930 2531 corop

586 2563 596 2634 Ι
630 2555 759 2612 εἶάη
789 2553 1188 2635 aniforlsate.
2625 2566 2630 2569 ’

761 2707 932 2770 Sunt
974 2701 1149 2770 haec‘
1172 2730 1321 2771 cum
1364 2709 1729 2773 assonantia
1773 2710 2030 2794 quidem
2074 2730 2455 2792 quacunque
2492 2710 2766 2792 prolata,
2818 2712 2928 2773 sed

589 2812 726 2875 sine
768 2823 970 2875 metro
1014 2812 1133 2892 (ita
1163 2824 1307 2876 utar
1350 2814 1469 2877 hac
1511 2837 1664 2877 voce
1705 2815 2028 2898 deinceps·
2050 2814 2295 2896 etiam),
2331 2813 2398 2877 id
2427 2825 2545 2891 est,
2583 2814 2725 2878 sine
2756 2827 2927 2879 certa

588 2916 1058 3004 constructione
1089 2940 1304 2981 versus
1338 2920 1439 2981 vel
1469 2919 1788 2982 carminiS.

759 3025 952 3085 Hanc
998 3033 1213 3085 tamen
1256 3025 1795 3088 constructionem
1836 3025 1906 3087 in
1948 3024 2173 3107 lingua
2214 3024 2555 3087 vernacula
2599 3024 2928 3106 cognitam

588 3127 899 3192 Hibernis
943 3127 1213 3192 vetustis
1245 3128 1383 3211 jam
1411 3128 1596 3192 facile
1625 3131 2039 3213 comprobant
2068 3151 2143 3193 ea
2172 3152 2333 3213 quae
2363 3131 2593 3192 addam
2622 3129 2732 3192 1110
2763 3153 2798 3192 e
2825 3147 2924 3192 00·

588 3235 727 3298 dice
752 3234 1065 3298 Prisciani
1096 3223 1521 3317 Sangallensi,
1549 3234 1785 3318 scripta
1814 3235 1884 3297 in
1913 3234 2102 3298 variis
2132 3234 2287 3297 locis
2317 3234 2388 3296 in
2415 3233 2707 3317 margine
2730 3234 2924 3317 majo-

585 3340 761 3402 ribus
792 3340 993 3410 literis
1025 3362 1218 3423 quam
1249 3350 1402 3403 sunt
1423 3338 1643 3402 literae
1664 3340 2039 3423 glossarum,
2069 3339 2357 3423 quamvis
2378 3361 2511 3401 non
2535 3338 2668 3404 sint
2692 3340 2925 3423 scripta

588 3445 657 3507 in
688 3427 883 3508 solita·
903 3467 1200 3507 versuum
1230 3445 1665 3508 collocatione.

760 3552 842 3614 In
867 3550 1185 3634 superiore
1208 3550 1493 3633 margine
1516 3550 1787 3634 paginae
1818 3555 1935 3612 112
1959 3551 2090 3613 late
2107 3572 2223 3633 per
2245 3572 2385 3613 eam
2407 3551 2717 3633 leguntur
2734 3551 2914 3614 haec:

589 3655 879 3718 ISacher
921 3654 1169 3739 inydith
1200 3655 1809 3740 innochtfufuasna
1823 3655 2118 3740 faircoe*
2147 3647 2421 3741 sindsolt
2447 3656 2522 3719 πί
2548 3660 2709 3741 dyor
2739 3656 2918 3720 reiffe-

588 3782 768 3823 mora
798 3760 972 3823 mimz
1008 3760 1694 3825 dondlaechraidlainn
1725 3761 1936 3825 oalotk
1968 3761 2128 3825 lind.

758 3868 842 3929 In
872 3865 1167 3929 inferiore
1195 3866 1481 3949 margine
1511 3889 1577 3951 p.
1611 3872 1731 3928 203
1764 3889 1877 3950 per
1898 3866 2199 3951 paginam
2221 3888 2475 3930 omnem
2496 3867 2689 3930 item:
2727 3869 2917 3931 Dom-

569 3971 1131 4058 farcaifidbaidoe
1148 3971 1618 4056 fa'aelfomchain
1644 3972 1779 4035 lo'id
1802 3972 1937 4035 luin
1963 3974 2123 4036 laad
2139 3967 2275 4035 aad
2294 3973 2391 4036 ce'l
2408 3972 2571 4036 haas
2587 3995 2691 4036 mo
2707 3974 2918 4036 lebrdn

571 4164 737 4171 *mn--

722 4276 749 4303 ⁴*
784 4273 852 4327 ln
885 4274 1030 4328 linea
1063 4274 1323 4344 scriptum
1357 4281 1441 4328 est
1458 4275 1679 4342 faircoe,
1710 4273 1807 4329 sed
1842 4294 1870 4328 c
1894 4294 2015 4329 011111
2054 4284 2257 4345 puncto
2292 4276 2433 4329 infra
2455 4276 2658 4346 scripto
2684 4284 2741 4330 et
2762 4259 2917 4342 supra

588 4360 802 4430 scriptis
837 4378 910 4429 99
941 4360 1029 4431 (cf.
1059 4377 1113 4430 p.
1145 4364 1227 4424 71,
1258 4359 1421 4430 not.).
1474 4361 1541 4413 In
1577 4362 1755 4414 oaloth
1791 4378 1968 4430 supra,
1992 4361 2219 4430 primam
2255 4380 2285 4413 ο
2313 4361 2522 4415 lineola
2551 4356 2915 4414 semirotunda

588 4445 933 4514 conspicitur,
963 4463 1072 4514 qua
1094 4452 1231 4513 putor
1253 4445 1544 4498 indicatam
1568 4463 1685 4498 esse
1709 4464 1757 4509 0,
1785 4464 1850 4499 aa
1875 4445 2328 4515 praepositionem
2352 4453 2722 4500 transeuntem
2746 4446 2798 4498 in
2821 4461 2908 4495 ua.
