<?xml version="1.0" encoding="UTF-8"?>
<!DOCTYPE html PUBLIC "-//W3C//DTD XHTML 1.0 Transitional//EN"
    "http://www.w3.org/TR/xhtml1/DTD/xhtml1-transitional.dtd">
<html xmlns="http://www.w3.org/1999/xhtml" xml:lang="en" lang="en">
 <head>
  <title>
</title>
<meta http-equiv="Content-Type" content="text/html;charset=utf-8" />
  <meta name='ocr-system' content='tesseract 3.04.00' />
  <meta name='ocr-capabilities' content='ocr_page ocr_carea ocr_par ocr_line ocrx_word'/>
</head>
<body>
  <div class='ocr_page' id='page_1' title='image "./grammaticacelti04zeusgoog/grammaticacelti04zeusgoog_0139.png"; bbox 0 0 3150 5242; ppageno 0'>
   <div class='ocr_carea' id='block_1_1' title="bbox 690 469 2520 538">
    <p class='ocr_par' dir='ltr' id='par_1_1' title="bbox 690 469 2520 538">
     <span class='ocr_line' id='line_1_1' title="bbox 690 469 2520 538; baseline -0.003 0"><span class='ocrx_word' id='word_1_1' title='bbox 690 476 809 538; x_wconf 92' lang='lat' dir='ltr'>IV.</span> <span class='ocrx_word' id='word_1_2' title='bbox 850 480 909 536; x_wconf 86' lang='lat'>3.</span> <span class='ocrx_word' id='word_1_3' title='bbox 973 469 1505 537; x_wconf 65' lang='lat' dir='ltr'>comunc&#39;mon‘ns</span> <span class='ocrx_word' id='word_1_4' title='bbox 1541 492 2016 535; x_wconf 80' lang='lat' dir='ltr'>BRITANNlc-AE.</span> <span class='ocrx_word' id='word_1_5' title='bbox 2396 474 2520 536; x_wconf 87' lang='grc'>689</span> 
     </span>
    </p>
   </div>
   <div class='ocr_carea' id='block_1_2' title="bbox 162 642 2522 4508">
    <p class='ocr_par' dir='ltr' id='par_1_2' title="bbox 184 642 2517 824">
     <span class='ocr_line' id='line_1_2' title="bbox 184 642 2517 728; baseline 0.002 -23"><span class='ocrx_word' id='word_1_6' title='bbox 184 665 440 726; x_wconf 87' lang='lat' dir='ltr'>cunque</span> <span class='ocrx_word' id='word_1_7' title='bbox 483 642 845 706; x_wconf 88' lang='lat' dir='ltr'>ordinatum</span> <span class='ocrx_word' id='word_1_8' title='bbox 890 652 1008 718; x_wconf 87' lang='lat' dir='ltr'>est,</span> <span class='ocrx_word' id='word_1_9' title='bbox 1043 653 1158 705; x_wconf 90' lang='lat' dir='ltr'>aut</span> <span class='ocrx_word' id='word_1_10' title='bbox 1200 643 1456 706; x_wconf 86' lang='lat' dir='ltr'>morbus</span> <span class='ocrx_word' id='word_1_11' title='bbox 1499 652 1613 704; x_wconf 91' lang='lat' dir='ltr'>aut</span> <span class='ocrx_word' id='word_1_12' title='bbox 1641 652 1979 724; x_wconf 82' lang='lat' dir='ltr'>paupertas</span> <span class='ocrx_word' id='word_1_13' title='bbox 2012 654 2125 706; x_wconf 88' lang='lat' dir='ltr'>aut</span> <span class='ocrx_word' id='word_1_14' title='bbox 2155 646 2517 728; x_wconf 86' lang='lat' dir='ltr'>captivitas)</span> 
     </span>
     <span class='ocr_line' id='line_1_3' title="bbox 187 732 395 824; baseline 0.01 -16"><span class='ocrx_word' id='word_1_15' title='bbox 187 732 299 824; x_wconf 64' lang='lat'>21,</span> <span class='ocrx_word' id='word_1_16' title='bbox 341 756 395 810; x_wconf 87' lang='lat'>3.</span> 
     </span>
    </p>

    <p class='ocr_par' dir='ltr' id='par_1_3' title="bbox 182 853 2516 1252">
     <span class='ocr_line' id='line_1_4' title="bbox 359 853 2516 941; baseline 0.001 -25"><span class='ocrx_word' id='word_1_17' title='bbox 359 853 683 941; x_wconf 63' lang='lat' dir='ltr'>Armorica</span> <span class='ocrx_word' id='word_1_18' title='bbox 725 875 759 916; x_wconf 92' lang='lat' dir='ltr'>e</span> <span class='ocrx_word' id='word_1_19' title='bbox 790 854 999 916; x_wconf 85' lang='lat' dir='ltr'>Buh.:</span> <span class='ocrx_word' id='word_1_20' title='bbox 1049 862 1257 917; x_wconf 82' lang='lat' dir='ltr'>monet</span> <span class='ocrx_word' id='word_1_21' title='bbox 1292 875 1479 916; x_wconf 77' lang='lat' dir='ltr'>assur</span> <span class='ocrx_word' id='word_1_22' title='bbox 1522 854 1716 916; x_wconf 64' lang='lat' dir='ltr'>bederz</span> <span class='ocrx_word' id='word_1_23' title='bbox 1747 875 1896 916; x_wconf 78' lang='lat' dir='ltr'>oure</span> <span class='ocrx_word' id='word_1_24' title='bbox 1911 876 2003 936; x_wconf 79' lang='lat' dir='ltr'>pe</span> <span class='ocrx_word' id='word_1_25' title='bbox 2031 878 2110 918; x_wconf 81' lang='lat' dir='ltr'>vn</span> <span class='ocrx_word' id='word_1_26' title='bbox 2142 877 2211 918; x_wconf 86' lang='lat' dir='ltr'>re</span> <span class='ocrx_word' id='word_1_27' title='bbox 2240 879 2282 917; x_wconf 85' lang='lat' dir='ltr'>a</span> <span class='ocrx_word' id='word_1_28' title='bbox 2311 879 2381 918; x_wconf 84' lang='lat' dir='ltr'>ve</span> <span class='ocrx_word' id='word_1_29' title='bbox 2414 860 2516 919; x_wconf 82' lang='lat' dir='ltr'>de-</span> 
     </span>
     <span class='ocr_line' id='line_1_5' title="bbox 182 958 2514 1043; baseline 0.001 -21"><span class='ocrx_word' id='word_1_30' title='bbox 182 968 335 1023; x_wconf 80' lang='lat' dir='ltr'>reat</span> <span class='ocrx_word' id='word_1_31' title='bbox 361 960 472 1041; x_wconf 91' lang='lat' dir='ltr'>(ite</span> <span class='ocrx_word' id='word_1_32' title='bbox 513 959 798 1022; x_wconf 83' lang='lat' dir='ltr'>celeriter</span> <span class='ocrx_word' id='word_1_33' title='bbox 841 961 922 1022; x_wconf 89' lang='lat' dir='ltr'>ad</span> <span class='ocrx_word' id='word_1_34' title='bbox 968 970 1261 1021; x_wconf 89' lang='lat' dir='ltr'>curatum</span> <span class='ocrx_word' id='word_1_35' title='bbox 1304 958 1408 1021; x_wconf 86' lang='lat' dir='ltr'>vel</span> <span class='ocrx_word' id='word_1_36' title='bbox 1450 958 1777 1021; x_wconf 90' lang='lat' dir='ltr'>hominem</span> <span class='ocrx_word' id='word_1_37' title='bbox 1821 959 1933 1041; x_wconf 93' lang='lat' dir='ltr'>qui</span> <span class='ocrx_word' id='word_1_38' title='bbox 1976 960 2059 1022; x_wconf 94' lang='lat' dir='ltr'>sit</span> <span class='ocrx_word' id='word_1_39' title='bbox 2104 962 2514 1043; x_wconf 82' lang='lat' dir='ltr'>conveniens)</span> 
     </span>
     <span class='ocr_line' id='line_1_6' title="bbox 190 1064 2515 1148; baseline 0.001 -22"><span class='ocrx_word' id='word_1_40' title='bbox 190 1071 340 1141; x_wconf 87' lang='lat'>138,</span> <span class='ocrx_word' id='word_1_41' title='bbox 378 1071 433 1127; x_wconf 88' lang='grc'>3.</span> <span class='ocrx_word' id='word_1_42' title='bbox 477 1087 565 1127; x_wconf 79' lang='lat' dir='ltr'>na</span> <span class='ocrx_word' id='word_1_43' title='bbox 591 1065 796 1147; x_wconf 82' lang='lat' dir='ltr'>paiur</span> <span class='ocrx_word' id='word_1_44' title='bbox 839 1073 986 1148; x_wconf 82' lang='lat' dir='ltr'>quet</span> <span class='ocrx_word' id='word_1_45' title='bbox 1010 1086 1101 1146; x_wconf 84' lang='lat' dir='ltr'>pe</span> <span class='ocrx_word' id='word_1_46' title='bbox 1143 1085 1275 1127; x_wconf 81' lang='lat' dir='ltr'>mez</span> <span class='ocrx_word' id='word_1_47' title='bbox 1319 1064 1500 1127; x_wconf 85' lang='lat' dir='ltr'>laedo</span> <span class='ocrx_word' id='word_1_48' title='bbox 1533 1066 1642 1146; x_wconf 90' lang='lat' dir='ltr'>(ne</span> <span class='ocrx_word' id='word_1_49' title='bbox 1673 1064 1946 1146; x_wconf 89' lang='lat' dir='ltr'>perjura,</span> <span class='ocrx_word' id='word_1_50' title='bbox 1983 1066 2084 1129; x_wconf 88' lang='lat' dir='ltr'>vel</span> <span class='ocrx_word' id='word_1_51' title='bbox 2114 1087 2231 1148; x_wconf 86' lang='lat' dir='ltr'>ego</span> <span class='ocrx_word' id='word_1_52' title='bbox 2263 1078 2324 1129; x_wconf 91' lang='lat' dir='ltr'>te</span> <span class='ocrx_word' id='word_1_53' title='bbox 2354 1067 2515 1130; x_wconf 89' lang='lat' dir='ltr'>occi-</span> 
     </span>
     <span class='ocr_line' id='line_1_7' title="bbox 185 1172 638 1252; baseline -0.002 -21"><span class='ocrx_word' id='word_1_54' title='bbox 185 1172 360 1252; x_wconf 83' lang='lat' dir='ltr'>dam)</span> <span class='ocrx_word' id='word_1_55' title='bbox 398 1176 536 1245; x_wconf 88' lang='lat'><strong>172,</strong></span> <span class='ocrx_word' id='word_1_56' title='bbox 578 1177 638 1231; x_wconf 85' lang='lat'>4.</span> 
     </span>
    </p>

    <p class='ocr_par' dir='ltr' id='par_1_4' title="bbox 182 1258 2520 1674">
     <span class='ocr_line' id='line_1_8' title="bbox 353 1258 2520 1362; baseline 0.002 -24"><span class='ocrx_word' id='word_1_57' title='bbox 353 1258 612 1359; x_wconf 81' lang='lat' dir='ltr'>Duplex</span> <span class='ocrx_word' id='word_1_58' title='bbox 664 1276 766 1336; x_wconf 90' lang='lat' dir='ltr'>vel</span> <span class='ocrx_word' id='word_1_59' title='bbox 815 1276 1157 1359; x_wconf 77' lang='lat' dir='ltr'>multiplex</span> <span class='ocrx_word' id='word_1_60' title='bbox 1209 1277 1430 1339; x_wconf 90' lang='lat' dir='ltr'>eadem</span> <span class='ocrx_word' id='word_1_61' title='bbox 1480 1274 1823 1357; x_wconf 85' lang='lat' dir='ltr'>particula:</span> <span class='ocrx_word' id='word_1_62' title='bbox 1878 1297 1976 1339; x_wconf 86' lang='lat' dir='ltr'>me</span> <span class='ocrx_word' id='word_1_63' title='bbox 2018 1278 2213 1340; x_wconf 78' lang='lat' dir='ltr'>carke</span> <span class='ocrx_word' id='word_1_64' title='bbox 2248 1287 2520 1362; x_wconf 72' lang='lat' dir='ltr'>qouzout</span> 
     </span>
     <span class='ocr_line' id='line_1_9' title="bbox 186 1381 2515 1467; baseline 0.002 -25"><span class='ocrx_word' id='word_1_65' title='bbox 186 1390 332 1467; x_wconf 59' lang='lat' dir='ltr'>quet</span> <span class='ocrx_word' id='word_1_66' title='bbox 365 1382 569 1464; x_wconf 75' lang='lat' dir='ltr'>youde</span> <span class='ocrx_word' id='word_1_67' title='bbox 594 1402 684 1461; x_wconf 81' lang='lat' dir='ltr'>pe</span> <span class='ocrx_word' id='word_1_68' title='bbox 724 1402 823 1443; x_wconf 86' lang='lat' dir='ltr'>me</span> <span class='ocrx_word' id='word_1_69' title='bbox 867 1383 937 1444; x_wconf 82' lang='lat' dir='ltr'>be</span> <span class='ocrx_word' id='word_1_70' title='bbox 976 1404 1082 1443; x_wconf 86' lang='lat' dir='ltr'>ma</span> <span class='ocrx_word' id='word_1_71' title='bbox 1128 1390 1230 1444; x_wconf 81' lang='lat' dir='ltr'>tra</span> <span class='ocrx_word' id='word_1_72' title='bbox 1262 1403 1351 1463; x_wconf 82' lang='lat' dir='ltr'>pe</span> <span class='ocrx_word' id='word_1_73' title='bbox 1385 1403 1536 1443; x_wconf 84' lang='lat' dir='ltr'>nam</span> <span class='ocrx_word' id='word_1_74' title='bbox 1568 1381 1639 1442; x_wconf 78' lang='lat' dir='ltr'>be</span> <span class='ocrx_word' id='word_1_75' title='bbox 1654 1402 1744 1462; x_wconf 84' lang='lat' dir='ltr'>pe</span> <span class='ocrx_word' id='word_1_76' title='bbox 1774 1381 1902 1444; x_wconf 82' lang='lat' dir='ltr'>coll</span> <span class='ocrx_word' id='word_1_77' title='bbox 1924 1403 2010 1444; x_wconf 80' lang='lat' dir='ltr'>an</span> <span class='ocrx_word' id='word_1_78' title='bbox 2043 1392 2146 1445; x_wconf 81' lang='lat' dir='ltr'>tra</span> <span class='ocrx_word' id='word_1_79' title='bbox 2175 1405 2242 1446; x_wconf 77' lang='lat' dir='ltr'>se</span> <span class='ocrx_word' id='word_1_80' title='bbox 2271 1404 2414 1446; x_wconf 82' lang='lat' dir='ltr'>mar</span> <span class='ocrx_word' id='word_1_81' title='bbox 2446 1386 2515 1447; x_wconf 82' lang='lat' dir='ltr'>be</span> 
     </span>
     <span class='ocr_line' id='line_1_10' title="bbox 182 1485 2514 1568; baseline 0.003 -22"><span class='ocrx_word' id='word_1_82' title='bbox 182 1494 284 1549; x_wconf 84' lang='lat' dir='ltr'>ret</span> <span class='ocrx_word' id='word_1_83' title='bbox 313 1486 527 1567; x_wconf 87' lang='lat' dir='ltr'>(velim</span> <span class='ocrx_word' id='word_1_84' title='bbox 573 1485 731 1548; x_wconf 89' lang='lat' dir='ltr'>scire</span> <span class='ocrx_word' id='word_1_85' title='bbox 773 1498 1016 1568; x_wconf 88' lang='lat' dir='ltr'>postea,</span> <span class='ocrx_word' id='word_1_86' title='bbox 1051 1509 1210 1549; x_wconf 89' lang='lat' dir='ltr'>num</span> <span class='ocrx_word' id='word_1_87' title='bbox 1252 1488 1554 1548; x_wconf 87' lang='lat' dir='ltr'>reddatur</span> <span class='ocrx_word' id='word_1_88' title='bbox 1582 1506 1681 1546; x_wconf 88' lang='lat' dir='ltr'>res</span> <span class='ocrx_word' id='word_1_89' title='bbox 1711 1507 1852 1547; x_wconf 92' lang='lat' dir='ltr'>mea</span> <span class='ocrx_word' id='word_1_90' title='bbox 1880 1487 2061 1562; x_wconf 88' lang='lat' dir='ltr'>mihi,</span> <span class='ocrx_word' id='word_1_91' title='bbox 2099 1510 2182 1549; x_wconf 92' lang='lat' dir='ltr'>an</span> <span class='ocrx_word' id='word_1_92' title='bbox 2212 1511 2346 1552; x_wconf 91' lang='lat' dir='ltr'>non</span> <span class='ocrx_word' id='word_1_93' title='bbox 2375 1491 2514 1552; x_wconf 89' lang='lat' dir='ltr'>red-</span> 
     </span>
     <span class='ocr_line' id='line_1_11' title="bbox 183 1590 2207 1674; baseline 0.001 -22"><span class='ocrx_word' id='word_1_94' title='bbox 183 1592 394 1667; x_wconf 89' lang='lat' dir='ltr'>datur,</span> <span class='ocrx_word' id='word_1_95' title='bbox 427 1591 530 1653; x_wconf 87' lang='lat' dir='ltr'>vel</span> <span class='ocrx_word' id='word_1_96' title='bbox 561 1613 646 1652; x_wconf 90' lang='lat' dir='ltr'>an</span> <span class='ocrx_word' id='word_1_97' title='bbox 677 1590 761 1653; x_wconf 90' lang='lat' dir='ltr'>sit</span> <span class='ocrx_word' id='word_1_98' title='bbox 792 1613 1047 1653; x_wconf 89' lang='lat' dir='ltr'>necesse</span> <span class='ocrx_word' id='word_1_99' title='bbox 1079 1614 1217 1654; x_wconf 91' lang='lat' dir='ltr'>eam</span> <span class='ocrx_word' id='word_1_100' title='bbox 1248 1591 1533 1673; x_wconf 88' lang='lat' dir='ltr'>perdere)</span> <span class='ocrx_word' id='word_1_101' title='bbox 1568 1590 1740 1650; x_wconf 87' lang='lat' dir='ltr'>Buh.</span> <span class='ocrx_word' id='word_1_102' title='bbox 1785 1598 1925 1666; x_wconf 89' lang='grc'><strong>170,</strong></span> <span class='ocrx_word' id='word_1_103' title='bbox 1969 1598 2041 1652; x_wconf 85' lang='grc'>18</span> <span class='ocrx_word' id='word_1_104' title='bbox 2071 1613 2207 1674; x_wconf 85' lang='lat' dir='ltr'><strong>sqq.</strong></span> 
     </span>
    </p>

    <p class='ocr_par' dir='ltr' id='par_1_5' title="bbox 171 1693 2522 3247">
     <span class='ocr_line' id='line_1_12' title="bbox 353 1693 2508 1778; baseline 0.002 -19"><span class='ocrx_word' id='word_1_105' title='bbox 353 1721 405 1760; x_wconf 81' lang='lat' dir='ltr'>c.</span> <span class='ocrx_word' id='word_1_106' title='bbox 461 1697 613 1759; x_wconf 89' lang='grc' dir='ltr'>ΡΕΙ</span> <span class='ocrx_word' id='word_1_107' title='bbox 640 1695 748 1777; x_wconf 90' lang='lat' dir='ltr'>(si)</span> <span class='ocrx_word' id='word_1_108' title='bbox 775 1695 1140 1778; x_wconf 89' lang='lat' dir='ltr'>conjunctio</span> <span class='ocrx_word' id='word_1_109' title='bbox 1163 1694 1475 1758; x_wconf 88' lang='lat' dir='ltr'>cambrica</span> <span class='ocrx_word' id='word_1_110' title='bbox 1497 1693 1950 1773; x_wconf 74' lang='lat' dir='ltr'>conditionalis⁴</span> <span class='ocrx_word' id='word_1_111' title='bbox 1966 1696 2508 1778; x_wconf 87' lang='lat' dir='ltr'>frequentissima:</span> 
     </span>
     <span class='ocr_line' id='line_1_13' title="bbox 180 1800 2522 1886; baseline 0.001 -21"><span class='ocrx_word' id='word_1_112' title='bbox 180 1803 388 1886; x_wconf 80' lang='lat' dir='ltr'>ryued</span> <span class='ocrx_word' id='word_1_113' title='bbox 420 1802 538 1863; x_wconf 83' lang='lat' dir='ltr'>oed</span> <span class='ocrx_word' id='word_1_114' title='bbox 573 1801 838 1885; x_wconf 68' lang='lat' dir='ltr'>qennyfi</span> <span class='ocrx_word' id='word_1_115' title='bbox 866 1800 986 1882; x_wconf 79' lang='lat' dir='ltr'>pei</span> <span class='ocrx_word' id='word_1_116' title='bbox 1004 1801 1258 1883; x_wconf 73' lang='lat' dir='ltr'>qupei</span> <span class='ocrx_word' id='word_1_117' title='bbox 1285 1801 1366 1884; x_wconf 74' lang='lat' dir='ltr'>ef</span> <span class='ocrx_word' id='word_1_118' title='bbox 1382 1808 1488 1862; x_wconf 68' lang='grc' dir='ltr'>μοι</span> <span class='ocrx_word' id='word_1_119' title='bbox 1516 1821 1595 1860; x_wconf 85' lang='lat' dir='ltr'>ar</span> <span class='ocrx_word' id='word_1_120' title='bbox 1623 1821 1664 1882; x_wconf 83' lang='lat' dir='ltr'><strong><em>y</em></strong></span> <span class='ocrx_word' id='word_1_121' title='bbox 1699 1821 1958 1883; x_wconf 80' lang='lat' dir='ltr'>uorwyn</span> <span class='ocrx_word' id='word_1_122' title='bbox 1991 1801 2206 1886; x_wconf 78' lang='lat' dir='ltr'>hynny</span> <span class='ocrx_word' id='word_1_123' title='bbox 2236 1826 2323 1866; x_wconf 83' lang='lat' dir='ltr'>na</span> <span class='ocrx_word' id='word_1_124' title='bbox 2353 1805 2522 1868; x_wconf 77' lang='lat' dir='ltr'>delei</span> 
     </span>
     <span class='ocr_line' id='line_1_14' title="bbox 177 1904 2514 1990; baseline 0.002 -21"><span class='ocrx_word' id='word_1_125' title='bbox 177 1929 218 1990; x_wconf 82' lang='lat' dir='ltr'><strong><em>y</em></strong></span> <span class='ocrx_word' id='word_1_126' title='bbox 263 1905 652 1988; x_wconf 59' lang='lat' dir='ltr'>hamdg‘ff&#39;yn.</span> <span class='ocrx_word' id='word_1_127' title='bbox 689 1905 881 1987; x_wconf 67' lang='lat' dir='ltr'>cephei</span> <span class='ocrx_word' id='word_1_128' title='bbox 920 1904 1286 1988; x_wconf 74' lang='lat' dir='ltr'>mynnewch</span> <span class='ocrx_word' id='word_1_129' title='bbox 1331 1904 1495 1967; x_wconf 77' lang='lat' dir='ltr'>chwi</span> <span class='ocrx_word' id='word_1_130' title='bbox 1526 1905 1678 1987; x_wconf 81' lang='lat' dir='ltr'>vyui</span> <span class='ocrx_word' id='word_1_131' title='bbox 1706 1906 1980 1967; x_wconf 76' lang='lat' dir='ltr'>drostaw</span> <span class='ocrx_word' id='word_1_132' title='bbox 2012 1909 2100 1990; x_wconf 75' lang='lat' dir='ltr'>ef.</span> <span class='ocrx_word' id='word_1_133' title='bbox 2137 1909 2301 1971; x_wconf 80' lang='lat' dir='ltr'>miui</span> <span class='ocrx_word' id='word_1_134' title='bbox 2328 1933 2514 1974; x_wconf 78' lang='lat' dir='ltr'>aawn</span> 
     </span>
     <span class='ocr_line' id='line_1_15' title="bbox 178 2009 2514 2096; baseline 0.002 -23"><span class='ocrx_word' id='word_1_135' title='bbox 178 2035 220 2095; x_wconf 79' lang='lat' dir='ltr'><strong><em>y</em></strong></span> <span class='ocrx_word' id='word_1_136' title='bbox 258 2010 423 2074; x_wconf 79' lang='lat' dir='ltr'>chwi</span> <span class='ocrx_word' id='word_1_137' title='bbox 450 2010 715 2091; x_wconf 91' lang='lat' dir='ltr'>(mirum</span> <span class='ocrx_word' id='word_1_138' title='bbox 745 2020 911 2072; x_wconf 89' lang='lat' dir='ltr'>esset</span> <span class='ocrx_word' id='word_1_139' title='bbox 938 2009 1119 2084; x_wconf 89' lang='lat' dir='ltr'>mihi,</span> <span class='ocrx_word' id='word_1_140' title='bbox 1156 2009 1210 2071; x_wconf 91' lang='lat' dir='ltr'>si</span> <span class='ocrx_word' id='word_1_141' title='bbox 1240 2009 1426 2071; x_wconf 89' lang='lat' dir='ltr'>sciret</span> <span class='ocrx_word' id='word_1_142' title='bbox 1456 2009 1613 2091; x_wconf 86' lang='lat' dir='ltr'>ipse,</span> <span class='ocrx_word' id='word_1_143' title='bbox 1651 2031 1865 2090; x_wconf 82' lang='lat' dir='ltr'>equeS,</span> <span class='ocrx_word' id='word_1_144' title='bbox 1900 2011 2231 2075; x_wconf 90' lang='lat' dir='ltr'>imminere</span> <span class='ocrx_word' id='word_1_145' title='bbox 2261 2016 2514 2096; x_wconf 88' lang='lat' dir='ltr'>puellae</span> 
     </span>
     <span class='ocr_line' id='line_1_16' title="bbox 181 2114 2513 2202; baseline 0.001 -23"><span class='ocrx_word' id='word_1_146' title='bbox 181 2117 321 2193; x_wconf 87' lang='lat' dir='ltr'>hoc,</span> <span class='ocrx_word' id='word_1_147' title='bbox 357 2118 527 2199; x_wconf 88' lang='lat' dir='ltr'>quod</span> <span class='ocrx_word' id='word_1_148' title='bbox 570 2136 702 2176; x_wconf 88' lang='lat' dir='ltr'>non</span> <span class='ocrx_word' id='word_1_149' title='bbox 746 2114 865 2176; x_wconf 88' lang='lat' dir='ltr'>iret</span> <span class='ocrx_word' id='word_1_150' title='bbox 909 2115 991 2176; x_wconf 87' lang='lat' dir='ltr'>ad</span> <span class='ocrx_word' id='word_1_151' title='bbox 1029 2135 1168 2175; x_wconf 89' lang='lat' dir='ltr'>eam</span> <span class='ocrx_word' id='word_1_152' title='bbox 1211 2114 1626 2189; x_wconf 86' lang='lat' dir='ltr'>liberandam,</span> <span class='ocrx_word' id='word_1_153' title='bbox 1662 2124 1727 2176; x_wconf 92' lang='lat' dir='ltr'>et</span> <span class='ocrx_word' id='word_1_154' title='bbox 1767 2114 1821 2175; x_wconf 91' lang='lat' dir='ltr'>si</span> <span class='ocrx_word' id='word_1_155' title='bbox 1850 2116 2213 2198; x_wconf 84' lang='lat' dir='ltr'>acciperetis</span> <span class='ocrx_word' id='word_1_156' title='bbox 2245 2141 2347 2180; x_wconf 92' lang='lat' dir='ltr'>me</span> <span class='ocrx_word' id='word_1_157' title='bbox 2378 2120 2431 2202; x_wconf 86' lang='lat' dir='ltr'>ej</span> <span class='ocrx_word' id='word_1_158' title='bbox 2440 2142 2513 2183; x_wconf 92' lang='lat' dir='ltr'>us</span> 
     </span>
     <span class='ocr_line' id='line_1_17' title="bbox 179 2218 2518 2303; baseline 0.001 -20"><span class='ocrx_word' id='word_1_159' title='bbox 179 2221 335 2298; x_wconf 82' lang='lat' dir='ltr'>loce,</span> <span class='ocrx_word' id='word_1_160' title='bbox 372 2243 489 2303; x_wconf 86' lang='lat' dir='ltr'>ego</span> <span class='ocrx_word' id='word_1_161' title='bbox 520 2221 680 2282; x_wconf 90' lang='lat' dir='ltr'>irem</span> <span class='ocrx_word' id='word_1_162' title='bbox 708 2230 926 2281; x_wconf 88' lang='lat' dir='ltr'>contra</span> <span class='ocrx_word' id='word_1_163' title='bbox 957 2220 1094 2299; x_wconf 86' lang='lat' dir='ltr'>vos)</span> <span class='ocrx_word' id='word_1_164' title='bbox 1127 2220 1302 2280; x_wconf 89' lang='lat' dir='ltr'>Mab.</span> <span class='ocrx_word' id='word_1_165' title='bbox 1332 2226 1386 2295; x_wconf 91' lang='lat'>1,</span> <span class='ocrx_word' id='word_1_166' title='bbox 1411 2225 1513 2279; x_wconf 83' lang='lat'>35.</span> <span class='ocrx_word' id='word_1_167' title='bbox 1537 2218 1658 2299; x_wconf 80' lang='lat' dir='ltr'>pei</span> <span class='ocrx_word' id='word_1_168' title='bbox 1683 2239 1831 2280; x_wconf 84' lang='lat' dir='ltr'>nam</span> <span class='ocrx_word' id='word_1_169' title='bbox 1855 2221 2237 2302; x_wconf 72' lang='lat' dir='ltr'>qoqanewch</span> <span class='ocrx_word' id='word_1_170' title='bbox 2274 2270 2287 2284; x_wconf 95' lang='lat'>.</span> <span class='ocrx_word' id='word_1_171' title='bbox 2324 2271 2337 2285; x_wconf 95' lang='lat'>.</span> <span class='ocrx_word' id='word_1_172' title='bbox 2374 2272 2387 2285; x_wconf 98' lang='lat'>.</span> <span class='ocrx_word' id='word_1_173' title='bbox 2424 2225 2518 2286; x_wconf 85' lang='lat' dir='ltr'>mi</span> 
     </span>
     <span class='ocr_line' id='line_1_18' title="bbox 179 2323 2516 2411; baseline 0.001 -23"><span class='ocrx_word' id='word_1_174' title='bbox 179 2349 219 2388; x_wconf 86' lang='grc' dir='ltr'><em>α</em></span> <span class='ocrx_word' id='word_1_175' title='bbox 254 2326 523 2411; x_wconf 74' lang='lat' dir='ltr'>qyskwn</span> <span class='ocrx_word' id='word_1_176' title='bbox 556 2325 639 2405; x_wconf 86' lang='lat' dir='ltr'>(si</span> <span class='ocrx_word' id='word_1_177' title='bbox 682 2347 814 2388; x_wconf 89' lang='lat' dir='ltr'>non</span> <span class='ocrx_word' id='word_1_178' title='bbox 856 2324 1197 2389; x_wconf 87' lang='lat' dir='ltr'>irrideretis</span> <span class='ocrx_word' id='word_1_179' title='bbox 1239 2323 1422 2399; x_wconf 91' lang='lat' dir='ltr'>mihi,</span> <span class='ocrx_word' id='word_1_180' title='bbox 1460 2345 1577 2406; x_wconf 86' lang='lat' dir='ltr'>ego</span> <span class='ocrx_word' id='word_1_181' title='bbox 1608 2323 1972 2404; x_wconf 85' lang='lat' dir='ltr'>dormirem)</span> <span class='ocrx_word' id='word_1_182' title='bbox 2013 2332 2069 2400; x_wconf 93' lang='lat'>1,</span> <span class='ocrx_word' id='word_1_183' title='bbox 2110 2331 2168 2387; x_wconf 85' lang='lat'>2.</span> <span class='ocrx_word' id='word_1_184' title='bbox 2219 2328 2516 2411; x_wconf 80' lang='lat' dir='ltr'>dywedut</span> 
     </span>
     <span class='ocr_line' id='line_1_19' title="bbox 177 2428 2514 2518; baseline 0 -23"><span class='ocrx_word' id='word_1_185' title='bbox 177 2434 437 2518; x_wconf 76' lang='lat' dir='ltr'>wrthyf.</span> <span class='ocrx_word' id='word_1_186' title='bbox 478 2431 580 2494; x_wconf 80' lang='lat' dir='ltr'>bei</span> <span class='ocrx_word' id='word_1_187' title='bbox 620 2452 707 2493; x_wconf 84' lang='lat' dir='ltr'>na</span> <span class='ocrx_word' id='word_1_188' title='bbox 752 2429 1123 2514; x_wconf 76' lang='lat' dir='ltr'>thybyokwn</span> <span class='ocrx_word' id='word_1_189' title='bbox 1160 2477 1173 2490; x_wconf 91' lang='lat'>.</span> <span class='ocrx_word' id='word_1_190' title='bbox 1215 2445 1287 2491; x_wconf 77' lang='grc'>.“.</span> <span class='ocrx_word' id='word_1_191' title='bbox 1323 2428 1417 2490; x_wconf 77' lang='lat' dir='ltr'>mi</span> <span class='ocrx_word' id='word_1_192' title='bbox 1455 2450 1814 2512; x_wconf 73' lang='lat' dir='ltr'>auanaqwn</span> <span class='ocrx_word' id='word_1_193' title='bbox 1843 2428 1922 2490; x_wconf 79' lang='lat' dir='ltr'>itt</span> <span class='ocrx_word' id='word_1_194' title='bbox 1951 2430 2182 2508; x_wconf 89' lang='lat' dir='ltr'>(dicere</span> <span class='ocrx_word' id='word_1_195' title='bbox 2212 2433 2408 2495; x_wconf 88' lang='lat' dir='ltr'>mihi:</span> <span class='ocrx_word' id='word_1_196' title='bbox 2459 2434 2514 2496; x_wconf 88' lang='lat' dir='ltr'>si</span> 
     </span>
     <span class='ocr_line' id='line_1_20' title="bbox 178 2532 2510 2620; baseline -0 -19"><span class='ocrx_word' id='word_1_197' title='bbox 178 2560 307 2600; x_wconf 90' lang='lat' dir='ltr'>non</span> <span class='ocrx_word' id='word_1_198' title='bbox 348 2537 728 2620; x_wconf 88' lang='lat' dir='ltr'>cogitarem,</span> <span class='ocrx_word' id='word_1_199' title='bbox 770 2583 784 2596; x_wconf 91' lang='lat'>.</span> <span class='ocrx_word' id='word_1_200' title='bbox 828 2582 841 2596; x_wconf 94' lang='lat'>.</span> <span class='ocrx_word' id='word_1_201' title='bbox 879 2556 995 2617; x_wconf 89' lang='lat' dir='ltr'>ego</span> <span class='ocrx_word' id='word_1_202' title='bbox 1050 2545 1469 2596; x_wconf 84' lang='lat' dir='ltr'>monstrarem</span> <span class='ocrx_word' id='word_1_203' title='bbox 1515 2532 1657 2614; x_wconf 91' lang='lat' dir='ltr'>tibi)</span> <span class='ocrx_word' id='word_1_204' title='bbox 1697 2541 1764 2609; x_wconf 91' lang='lat'>1,</span> <span class='ocrx_word' id='word_1_205' title='bbox 1805 2541 1865 2594; x_wconf 88' lang='lat'>5.</span> <span class='ocrx_word' id='word_1_206' title='bbox 1932 2535 2349 2616; x_wconf 91' lang='lat' dir='ltr'>Frequentior</span> <span class='ocrx_word' id='word_1_207' title='bbox 2390 2539 2510 2601; x_wconf 88' lang='lat' dir='ltr'>for—</span> 
     </span>
     <span class='ocr_line' id='line_1_21' title="bbox 179 2638 2515 2722; baseline -0 -15"><span class='ocrx_word' id='word_1_208' title='bbox 179 2646 350 2707; x_wconf 91' lang='lat' dir='ltr'>mula</span> <span class='ocrx_word' id='word_1_209' title='bbox 393 2666 542 2705; x_wconf 91' lang='lat' dir='ltr'>cum</span> <span class='ocrx_word' id='word_1_210' title='bbox 584 2643 773 2706; x_wconf 86' lang='lat' dir='ltr'>verbo</span> <span class='ocrx_word' id='word_1_211' title='bbox 812 2640 1210 2717; x_wconf 85' lang='lat' dir='ltr'>substantivo</span> <span class='ocrx_word' id='word_1_212' title='bbox 1226 2640 1344 2721; x_wconf 82' lang='lat' dir='ltr'>pei</span> <span class='ocrx_word' id='word_1_213' title='bbox 1370 2661 1455 2701; x_wconf 82' lang='lat' dir='ltr'>na</span> <span class='ocrx_word' id='word_1_214' title='bbox 1487 2639 1587 2701; x_wconf 81' lang='lat' dir='ltr'>bei</span> <span class='ocrx_word' id='word_1_215' title='bbox 1615 2638 1699 2718; x_wconf 91' lang='lat' dir='ltr'>(si</span> <span class='ocrx_word' id='word_1_216' title='bbox 1727 2659 1859 2700; x_wconf 90' lang='lat' dir='ltr'>non</span> <span class='ocrx_word' id='word_1_217' title='bbox 1890 2643 2115 2717; x_wconf 86' lang='lat' dir='ltr'>esset):</span> <span class='ocrx_word' id='word_1_218' title='bbox 2153 2642 2273 2722; x_wconf 82' lang='lat' dir='ltr'>pei</span> <span class='ocrx_word' id='word_1_219' title='bbox 2297 2666 2383 2705; x_wconf 83' lang='lat' dir='ltr'>na</span> <span class='ocrx_word' id='word_1_220' title='bbox 2415 2645 2515 2707; x_wconf 81' lang='lat' dir='ltr'>bei</span> 
     </span>
     <span class='ocr_line' id='line_1_22' title="bbox 178 2742 2503 2830; baseline -0.001 -19"><span class='ocrx_word' id='word_1_221' title='bbox 178 2749 475 2811; x_wconf 75' lang='lat' dir='ltr'>wrtlmnn</span> <span class='ocrx_word' id='word_1_222' title='bbox 516 2747 776 2830; x_wconf 74' lang='lat' dir='ltr'>qennyf</span> <span class='ocrx_word' id='word_1_223' title='bbox 796 2794 810 2808; x_wconf 98' lang='lat'><strong>.</strong></span> <span class='ocrx_word' id='word_1_224' title='bbox 853 2794 867 2808; x_wconf 98' lang='lat'><strong>.</strong></span> <span class='ocrx_word' id='word_1_225' title='bbox 910 2794 924 2808; x_wconf 95' lang='lat'>.</span> <span class='ocrx_word' id='word_1_226' title='bbox 960 2745 1054 2807; x_wconf 83' lang='lat' dir='ltr'>mi</span> <span class='ocrx_word' id='word_1_227' title='bbox 1091 2746 1350 2807; x_wconf 79' lang='lat' dir='ltr'>abarwn</span> <span class='ocrx_word' id='word_1_228' title='bbox 1383 2744 1466 2826; x_wconf 91' lang='lat' dir='ltr'>(si</span> <span class='ocrx_word' id='word_1_229' title='bbox 1509 2766 1643 2806; x_wconf 90' lang='lat' dir='ltr'>non</span> <span class='ocrx_word' id='word_1_230' title='bbox 1673 2752 1837 2806; x_wconf 85' lang='lat' dir='ltr'>esset</span> <span class='ocrx_word' id='word_1_231' title='bbox 1866 2742 2292 2825; x_wconf 87' lang='lat' dir='ltr'>incongruum</span> <span class='ocrx_word' id='word_1_232' title='bbox 2321 2748 2503 2823; x_wconf 90' lang='lat' dir='ltr'>mihi,</span> 
     </span>
     <span class='ocr_line' id='line_1_23' title="bbox 179 2847 2511 2935; baseline 0 -20"><span class='ocrx_word' id='word_1_233' title='bbox 179 2874 290 2935; x_wconf 89' lang='lat' dir='ltr'>ego</span> <span class='ocrx_word' id='word_1_234' title='bbox 333 2853 657 2932; x_wconf 87' lang='lat' dir='ltr'>facerem),</span> <span class='ocrx_word' id='word_1_235' title='bbox 681 2851 799 2932; x_wconf 81' lang='lat' dir='ltr'>pei</span> <span class='ocrx_word' id='word_1_236' title='bbox 833 2874 920 2913; x_wconf 82' lang='lat' dir='ltr'>na</span> <span class='ocrx_word' id='word_1_237' title='bbox 963 2850 1062 2911; x_wconf 80' lang='lat' dir='ltr'>bei</span> <span class='ocrx_word' id='word_1_238' title='bbox 1088 2872 1122 2910; x_wconf 91' lang='lat' dir='ltr'>o</span> <span class='ocrx_word' id='word_1_239' title='bbox 1147 2858 1387 2932; x_wconf 73' lang='lat' dir='ltr'>qaryat</span> <span class='ocrx_word' id='word_1_240' title='bbox 1414 2857 1607 2912; x_wconf 80' lang='lat' dir='ltr'>arnat</span> <span class='ocrx_word' id='word_1_241' title='bbox 1638 2847 1690 2911; x_wconf 80' lang='lat' dir='ltr'>ti</span> <span class='ocrx_word' id='word_1_242' title='bbox 1714 2871 1797 2932; x_wconf 77' lang='lat' dir='ltr'>ny</span> <span class='ocrx_word' id='word_1_243' title='bbox 1832 2849 2056 2931; x_wconf 79' lang='lat' dir='ltr'><strong><em>bydwn</em></strong></span> <span class='ocrx_word' id='word_1_244' title='bbox 2087 2871 2236 2933; x_wconf 80' lang='lat' dir='ltr'>yma</span> <span class='ocrx_word' id='word_1_245' title='bbox 2267 2851 2350 2932; x_wconf 89' lang='lat' dir='ltr'>(si</span> <span class='ocrx_word' id='word_1_246' title='bbox 2378 2875 2511 2916; x_wconf 91' lang='lat' dir='ltr'>non</span> 
     </span>
     <span class='ocr_line' id='line_1_24' title="bbox 178 2954 2509 3041; baseline -0 -21"><span class='ocrx_word' id='word_1_247' title='bbox 178 2969 337 3020; x_wconf 89' lang='lat' dir='ltr'>esset</span> <span class='ocrx_word' id='word_1_248' title='bbox 382 2978 596 3019; x_wconf 91' lang='lat' dir='ltr'>amore</span> <span class='ocrx_word' id='word_1_249' title='bbox 643 2955 759 3031; x_wconf 90' lang='lat' dir='ltr'>tui,</span> <span class='ocrx_word' id='word_1_250' title='bbox 796 2977 928 3018; x_wconf 90' lang='lat' dir='ltr'>non</span> <span class='ocrx_word' id='word_1_251' title='bbox 972 2976 1175 3017; x_wconf 85' lang='lat' dir='ltr'>essem</span> <span class='ocrx_word' id='word_1_252' title='bbox 1204 2954 1335 3035; x_wconf 88' lang='lat' dir='ltr'>hic)</span> <span class='ocrx_word' id='word_1_253' title='bbox 1368 2955 1544 3016; x_wconf 91' lang='lat' dir='ltr'>Mab.</span> <span class='ocrx_word' id='word_1_254' title='bbox 1592 2962 1645 3029; x_wconf 92' lang='lat'>1,</span> <span class='ocrx_word' id='word_1_255' title='bbox 1691 2959 1789 3015; x_wconf 88' lang='grc'>18.</span> <span class='ocrx_word' id='word_1_256' title='bbox 1829 2959 1974 3015; x_wconf 83' lang='grc'><strong>255.</strong></span> <span class='ocrx_word' id='word_1_257' title='bbox 2022 2964 2137 3037; x_wconf 77' lang='lat' dir='ltr'>nyt</span> <span class='ocrx_word' id='word_1_258' title='bbox 2165 2958 2284 3019; x_wconf 86' lang='lat' dir='ltr'>oed</span> <span class='ocrx_word' id='word_1_259' title='bbox 2301 2958 2509 3041; x_wconf 72' lang='lat' dir='ltr'><strong><em>yyfyq</em></strong></span> 
     </span>
     <span class='ocr_line' id='line_1_25' title="bbox 171 3057 2509 3146; baseline 0 -21"><span class='ocrx_word' id='word_1_260' title='bbox 171 3063 429 3146; x_wconf 73' lang='lat' dir='ltr'>qmnyf</span> <span class='ocrx_word' id='word_1_261' title='bbox 442 3062 669 3146; x_wconf 80' lang='lat' dir='ltr'>ymlad</span> <span class='ocrx_word' id='word_1_262' title='bbox 695 3059 907 3123; x_wconf 73' lang='lat' dir='ltr'>athidi</span> <span class='ocrx_word' id='word_1_263' title='bbox 935 3060 1035 3123; x_wconf 79' lang='lat' dir='ltr'>bei</span> <span class='ocrx_word' id='word_1_264' title='bbox 1060 3082 1145 3122; x_wconf 84' lang='lat' dir='ltr'>na</span> <span class='ocrx_word' id='word_1_265' title='bbox 1176 3060 1276 3122; x_wconf 78' lang='lat' dir='ltr'>bei</span> <span class='ocrx_word' id='word_1_266' title='bbox 1299 3080 1381 3143; x_wconf 81' lang='lat' dir='ltr'>yr</span> <span class='ocrx_word' id='word_1_267' title='bbox 1409 3058 1648 3143; x_wconf 62' lang='lat' dir='ltr'>auffeil</span> <span class='ocrx_word' id='word_1_268' title='bbox 1666 3066 1783 3141; x_wconf 71' lang='lat' dir='ltr'>qyt</span> <span class='ocrx_word' id='word_1_269' title='bbox 1810 3057 1951 3120; x_wconf 76' lang='lat' dir='ltr'>athi</span> <span class='ocrx_word' id='word_1_270' title='bbox 1971 3062 2131 3138; x_wconf 89' lang='lat' dir='ltr'>(non</span> <span class='ocrx_word' id='word_1_271' title='bbox 2161 3071 2326 3123; x_wconf 89' lang='lat' dir='ltr'>esset</span> <span class='ocrx_word' id='word_1_272' title='bbox 2349 3062 2509 3125; x_wconf 92' lang='lat' dir='ltr'>mihi</span> 
     </span>
     <span class='ocr_line' id='line_1_26' title="bbox 176 3163 2500 3247; baseline 0 -18"><span class='ocrx_word' id='word_1_273' title='bbox 176 3166 541 3242; x_wconf 80' lang='lat' dir='ltr'>difficultaS,</span> <span class='ocrx_word' id='word_1_274' title='bbox 578 3186 944 3228; x_wconf 87' lang='lat' dir='ltr'>concurrere</span> <span class='ocrx_word' id='word_1_275' title='bbox 990 3177 1220 3241; x_wconf 88' lang='lat' dir='ltr'>tecum,</span> <span class='ocrx_word' id='word_1_276' title='bbox 1259 3165 1314 3227; x_wconf 89' lang='lat' dir='ltr'>si</span> <span class='ocrx_word' id='word_1_277' title='bbox 1357 3186 1489 3226; x_wconf 91' lang='lat' dir='ltr'>non</span> <span class='ocrx_word' id='word_1_278' title='bbox 1533 3172 1698 3226; x_wconf 91' lang='lat' dir='ltr'>esset</span> <span class='ocrx_word' id='word_1_279' title='bbox 1742 3163 1980 3228; x_wconf 89' lang='lat' dir='ltr'>animal</span> <span class='ocrx_word' id='word_1_280' title='bbox 2023 3170 2261 3247; x_wconf 87' lang='lat' dir='ltr'>tecum)</span> <span class='ocrx_word' id='word_1_281' title='bbox 2303 3175 2357 3242; x_wconf 91' lang='lat'>1,</span> <span class='ocrx_word' id='word_1_282' title='bbox 2399 3174 2500 3230; x_wconf 91' lang='grc'>34.</span> 
     </span>
    </p>

    <p class='ocr_par' dir='ltr' id='par_1_6' title="bbox 168 3267 2504 3754">
     <span class='ocr_line' id='line_1_27' title="bbox 340 3267 2498 3350; baseline 0 -16"><span class='ocrx_word' id='word_1_283' title='bbox 340 3270 685 3334; x_wconf 88' lang='lat' dir='ltr'>Cornice</span> <span class='ocrx_word' id='word_1_284' title='bbox 730 3281 795 3333; x_wconf 89' lang='lat' dir='ltr'>et</span> <span class='ocrx_word' id='word_1_285' title='bbox 836 3269 1232 3333; x_wconf 83' lang='lat' dir='ltr'>armorice</span> <span class='ocrx_word' id='word_1_286' title='bbox 1278 3268 1643 3350; x_wconf 88' lang='lat' dir='ltr'>conjunctio</span> <span class='ocrx_word' id='word_1_287' title='bbox 1674 3267 2117 3330; x_wconf 88' lang='lat' dir='ltr'>conditionalis</span> <span class='ocrx_word' id='word_1_288' title='bbox 2149 3280 2247 3331; x_wconf 90' lang='lat' dir='ltr'>est</span> <span class='ocrx_word' id='word_1_289' title='bbox 2277 3272 2498 3349; x_wconf 87' lang='lat' dir='ltr'>MAR,</span> 
     </span>
     <span class='ocr_line' id='line_1_28' title="bbox 175 3373 2504 3459; baseline -0 -19"><span class='ocrx_word' id='word_1_290' title='bbox 175 3399 333 3459; x_wconf 89' lang='lat' dir='ltr'>quae</span> <span class='ocrx_word' id='word_1_291' title='bbox 375 3376 678 3440; x_wconf 87' lang='lat' dir='ltr'>armorice</span> <span class='ocrx_word' id='word_1_292' title='bbox 707 3374 900 3437; x_wconf 91' lang='lat' dir='ltr'>etiam</span> <span class='ocrx_word' id='word_1_293' title='bbox 930 3385 1027 3437; x_wconf 89' lang='lat' dir='ltr'>est</span> <span class='ocrx_word' id='word_1_294' title='bbox 1057 3374 1213 3449; x_wconf 92' lang='lat' dir='ltr'>MA,</span> <span class='ocrx_word' id='word_1_295' title='bbox 1251 3375 1464 3435; x_wconf 91' lang='lat' dir='ltr'>MAZ.</span> <span class='ocrx_word' id='word_1_296' title='bbox 1530 3373 1699 3435; x_wconf 91' lang='lat' dir='ltr'>Nolo</span> <span class='ocrx_word' id='word_1_297' title='bbox 1730 3394 2016 3456; x_wconf 90' lang='lat' dir='ltr'>separare</span> <span class='ocrx_word' id='word_1_298' title='bbox 2047 3374 2126 3435; x_wconf 91' lang='lat' dir='ltr'>ab</span> <span class='ocrx_word' id='word_1_299' title='bbox 2156 3373 2258 3436; x_wconf 90' lang='lat' dir='ltr'>his</span> <span class='ocrx_word' id='word_1_300' title='bbox 2288 3375 2504 3439; x_wconf 85' lang='lat' dir='ltr'>formis</span> 
     </span>
     <span class='ocr_line' id='line_1_29' title="bbox 172 3477 2497 3560; baseline -0.001 -15"><span class='ocrx_word' id='word_1_301' title='bbox 172 3503 341 3545; x_wconf 86' lang='lat' dir='ltr'>corn.</span> <span class='ocrx_word' id='word_1_302' title='bbox 374 3482 597 3557; x_wconf 83' lang='lat' dir='ltr'>MAY,</span> <span class='ocrx_word' id='word_1_303' title='bbox 629 3481 763 3543; x_wconf 87' lang='lat' dir='ltr'>MA</span> <span class='ocrx_word' id='word_1_304' title='bbox 785 3491 849 3543; x_wconf 89' lang='lat' dir='ltr'>et</span> <span class='ocrx_word' id='word_1_305' title='bbox 880 3502 1106 3543; x_wconf 89' lang='lat' dir='ltr'>armor.</span> <span class='ocrx_word' id='word_1_306' title='bbox 1139 3481 1351 3553; x_wconf 90' lang='lat' dir='ltr'>MAZ,</span> <span class='ocrx_word' id='word_1_307' title='bbox 1382 3478 1670 3559; x_wconf 85' lang='lat' dir='ltr'>quamvis</span> <span class='ocrx_word' id='word_1_308' title='bbox 1694 3478 1988 3540; x_wconf 88' lang='lat' dir='ltr'>differant</span> <span class='ocrx_word' id='word_1_309' title='bbox 2010 3477 2497 3560; x_wconf 84' lang='lat' dir='ltr'>significatione,</span> 
     </span>
     <span class='ocr_line' id='line_1_30' title="bbox 173 3582 2496 3669; baseline 0 -21"><span class='ocrx_word' id='word_1_310' title='bbox 173 3608 332 3668; x_wconf 91' lang='lat' dir='ltr'>quae</span> <span class='ocrx_word' id='word_1_311' title='bbox 372 3587 637 3649; x_wconf 89' lang='lat' dir='ltr'>relativa</span> <span class='ocrx_word' id='word_1_312' title='bbox 680 3596 776 3650; x_wconf 87' lang='lat' dir='ltr'>est</span> <span class='ocrx_word' id='word_1_313' title='bbox 804 3596 995 3668; x_wconf 89' lang='lat' dir='ltr'>atque</span> <span class='ocrx_word' id='word_1_314' title='bbox 1037 3582 1229 3645; x_wconf 84' lang='lat' dir='ltr'>etiam</span> <span class='ocrx_word' id='word_1_315' title='bbox 1272 3583 1341 3644; x_wconf 88' lang='lat' dir='ltr'>in</span> <span class='ocrx_word' id='word_1_316' title='bbox 1386 3582 1916 3665; x_wconf 86' lang='lat' dir='ltr'>significationem</span> <span class='ocrx_word' id='word_1_317' title='bbox 1946 3583 2060 3646; x_wconf 89' lang='lat' dir='ltr'>lat.</span> <span class='ocrx_word' id='word_1_318' title='bbox 2096 3587 2285 3666; x_wconf 80' lang='lat' dir='ltr'>quod,</span> <span class='ocrx_word' id='word_1_319' title='bbox 2321 3587 2496 3669; x_wconf 82' lang='lat' dir='ltr'>quia,</span> 
     </span>
     <span class='ocr_line' id='line_1_31' title="bbox 168 3691 515 3754; baseline 0 -2"><span class='ocrx_word' id='word_1_320' title='bbox 168 3700 234 3754; x_wconf 82' lang='lat' dir='ltr'>ut</span> <span class='ocrx_word' id='word_1_321' title='bbox 264 3691 515 3754; x_wconf 88' lang='lat' dir='ltr'>transit.</span> 
     </span>
    </p>

    <p class='ocr_par' dir='ltr' id='par_1_7' title="bbox 166 3796 2503 4193">
     <span class='ocr_line' id='line_1_32' title="bbox 338 3796 2503 3879; baseline 0 -21"><span class='ocrx_word' id='word_1_322' title='bbox 338 3796 610 3858; x_wconf 88' lang='lat' dir='ltr'>Cornica</span> <span class='ocrx_word' id='word_1_323' title='bbox 640 3796 963 3879; x_wconf 84' lang='lat' dir='ltr'>exempla:</span> <span class='ocrx_word' id='word_1_324' title='bbox 1000 3817 1144 3857; x_wconf 85' lang='lat' dir='ltr'>mar</span> <span class='ocrx_word' id='word_1_325' title='bbox 1171 3816 1271 3857; x_wconf 77' lang='lat' dir='ltr'>sos</span> <span class='ocrx_word' id='word_1_326' title='bbox 1300 3797 1443 3858; x_wconf 82' lang='lat' dir='ltr'>mab</span> <span class='ocrx_word' id='word_1_327' title='bbox 1478 3797 1565 3857; x_wconf 77' lang='lat' dir='ltr'>du</span> <span class='ocrx_word' id='word_1_328' title='bbox 1595 3818 1680 3857; x_wconf 76' lang='lat' dir='ltr'>cm</span> <span class='ocrx_word' id='word_1_329' title='bbox 1710 3818 1868 3879; x_wconf 79' lang='lat' dir='ltr'>veyn</span> <span class='ocrx_word' id='word_1_330' title='bbox 1899 3817 2004 3858; x_wconf 84' lang='lat' dir='ltr'>ma</span> <span class='ocrx_word' id='word_1_331' title='bbox 2029 3817 2196 3878; x_wconf 73' lang='lat' dir='ltr'>qura</span> <span class='ocrx_word' id='word_1_332' title='bbox 2228 3796 2386 3858; x_wconf 82' lang='lat' dir='ltr'>bara</span> <span class='ocrx_word' id='word_1_333' title='bbox 2419 3797 2503 3877; x_wconf 86' lang='lat' dir='ltr'>(si</span> 
     </span>
     <span class='ocr_line' id='line_1_33' title="bbox 167 3899 2503 3982; baseline 0.001 -21"><span class='ocrx_word' id='word_1_334' title='bbox 167 3921 228 3963; x_wconf 90' lang='lat' dir='ltr'>es</span> <span class='ocrx_word' id='word_1_335' title='bbox 276 3900 450 3962; x_wconf 89' lang='lat' dir='ltr'>filius</span> <span class='ocrx_word' id='word_1_336' title='bbox 492 3900 616 3975; x_wconf 88' lang='lat' dir='ltr'>dei,</span> <span class='ocrx_word' id='word_1_337' title='bbox 652 3901 767 3963; x_wconf 91' lang='lat' dir='ltr'>hos</span> <span class='ocrx_word' id='word_1_338' title='bbox 811 3900 1053 3981; x_wconf 85' lang='lat' dir='ltr'>lapides</span> <span class='ocrx_word' id='word_1_339' title='bbox 1092 3899 1189 3961; x_wconf 85' lang='lat' dir='ltr'>fac</span> <span class='ocrx_word' id='word_1_340' title='bbox 1220 3903 1477 3982; x_wconf 91' lang='lat' dir='ltr'>panem)</span> <span class='ocrx_word' id='word_1_341' title='bbox 1512 3903 1692 3963; x_wconf 79' lang='lat' dir='ltr'>Pass,</span> <span class='ocrx_word' id='word_1_342' title='bbox 1738 3908 1834 3976; x_wconf 84' lang='lat'>11,</span> <span class='ocrx_word' id='word_1_343' title='bbox 1876 3907 1934 3962; x_wconf 87' lang='lat'>3.</span> <span class='ocrx_word' id='word_1_344' title='bbox 1976 3923 2067 3962; x_wconf 88' lang='lat' dir='ltr'>ow</span> <span class='ocrx_word' id='word_1_345' title='bbox 2097 3900 2330 3963; x_wconf 77' lang='lat' dir='ltr'>honore</span> <span class='ocrx_word' id='word_1_346' title='bbox 2359 3923 2503 3964; x_wconf 86' lang='lat' dir='ltr'>mar</span> 
     </span>
     <span class='ocr_line' id='line_1_34' title="bbox 167 4004 2502 4090; baseline 0.001 -23"><span class='ocrx_word' id='word_1_347' title='bbox 167 4004 467 4088; x_wconf 77' lang='lat' dir='ltr'>mynneth.</span> <span class='ocrx_word' id='word_1_348' title='bbox 499 4007 628 4085; x_wconf 93' lang='lat' dir='ltr'>(me</span> <span class='ocrx_word' id='word_1_349' title='bbox 658 4005 965 4066; x_wconf 87' lang='lat' dir='ltr'>honorare</span> <span class='ocrx_word' id='word_1_350' title='bbox 997 4004 1050 4066; x_wconf 92' lang='lat' dir='ltr'>si</span> <span class='ocrx_word' id='word_1_351' title='bbox 1081 4005 1198 4080; x_wconf 81' lang='lat' dir='ltr'>viS,</span> <span class='ocrx_word' id='word_1_352' title='bbox 1228 4005 1454 4067; x_wconf 85' lang='lat' dir='ltr'>faciam</span> <span class='ocrx_word' id='word_1_353' title='bbox 1483 4016 1545 4067; x_wconf 93' lang='lat' dir='ltr'>te</span> <span class='ocrx_word' id='word_1_354' title='bbox 1574 4008 1909 4087; x_wconf 83' lang='lat' dir='ltr'>magnum)</span> <span class='ocrx_word' id='word_1_355' title='bbox 1942 4012 2039 4082; x_wconf 88' lang='lat'>16,</span> <span class='ocrx_word' id='word_1_356' title='bbox 2071 4013 2132 4067; x_wconf 90' lang='grc'>4.</span> <span class='ocrx_word' id='word_1_357' title='bbox 2171 4006 2502 4090; x_wconf 73' lang='lat' dir='ltr'>leverouqh</span> 
     </span>
     <span class='ocr_line' id='line_1_35' title="bbox 166 4108 2494 4193; baseline 0 -22"><span class='ocrx_word' id='word_1_358' title='bbox 166 4129 308 4171; x_wconf 81' lang='lat' dir='ltr'>mar</span> <span class='ocrx_word' id='word_1_359' title='bbox 332 4108 505 4192; x_wconf 55' lang='lat' dir='ltr'>pyt).</span> <span class='ocrx_word' id='word_1_360' title='bbox 549 4130 755 4193; x_wconf 77' lang='lat' dir='ltr'>sawys</span> <span class='ocrx_word' id='word_1_361' title='bbox 787 4109 1170 4192; x_wconf 91' lang='lat' dir='ltr'>(loquimini,</span> <span class='ocrx_word' id='word_1_362' title='bbox 1208 4110 1262 4171; x_wconf 91' lang='lat' dir='ltr'>si</span> <span class='ocrx_word' id='word_1_363' title='bbox 1302 4121 1398 4172; x_wconf 91' lang='lat' dir='ltr'>est</span> <span class='ocrx_word' id='word_1_364' title='bbox 1442 4110 1805 4185; x_wconf 84' lang='lat' dir='ltr'>salvanduS,</span> <span class='ocrx_word' id='word_1_365' title='bbox 1842 4132 2003 4172; x_wconf 88' lang='lat' dir='ltr'>num</span> <span class='ocrx_word' id='word_1_366' title='bbox 2041 4110 2125 4172; x_wconf 88' lang='lat' dir='ltr'>sit</span> <span class='ocrx_word' id='word_1_367' title='bbox 2167 4114 2252 4192; x_wconf 76' lang='lat'>8.)</span> <span class='ocrx_word' id='word_1_368' title='bbox 2288 4118 2391 4186; x_wconf 84' lang='lat'>95,</span> <span class='ocrx_word' id='word_1_369' title='bbox 2437 4119 2494 4173; x_wconf 90' lang='lat'>1.</span> 
     </span>
    </p>

    <p class='ocr_par' dir='ltr' id='par_1_8' title="bbox 162 4212 2515 4508">
     <span class='ocr_line' id='line_1_36' title="bbox 333 4212 2497 4298; baseline 0.001 -24"><span class='ocrx_word' id='word_1_370' title='bbox 333 4212 664 4275; x_wconf 85' lang='lat' dir='ltr'>Armorica</span> <span class='ocrx_word' id='word_1_371' title='bbox 687 4214 886 4277; x_wconf 88' lang='lat' dir='ltr'>forma</span> <span class='ocrx_word' id='word_1_372' title='bbox 908 4236 1051 4277; x_wconf 84' lang='lat' dir='ltr'>mar</span> <span class='ocrx_word' id='word_1_373' title='bbox 1068 4242 1088 4277; x_wconf 93' lang='lat'>.·</span> <span class='ocrx_word' id='word_1_374' title='bbox 1114 4236 1246 4277; x_wconf 84' lang='lat' dir='ltr'>mez</span> <span class='ocrx_word' id='word_1_375' title='bbox 1263 4236 1406 4276; x_wconf 85' lang='lat' dir='ltr'>mar</span> <span class='ocrx_word' id='word_1_376' title='bbox 1422 4237 1699 4296; x_wconf 66' lang='lat' dir='ltr'>comp-§ez</span> <span class='ocrx_word' id='word_1_377' title='bbox 1710 4237 1837 4298; x_wconf 76' lang='lat' dir='ltr'>you</span> <span class='ocrx_word' id='word_1_378' title='bbox 1851 4216 2173 4295; x_wconf 83' lang='lat' dir='ltr'>(dedecuS‚</span> <span class='ocrx_word' id='word_1_379' title='bbox 2196 4216 2250 4277; x_wconf 87' lang='lat' dir='ltr'>si</span> <span class='ocrx_word' id='word_1_380' title='bbox 2265 4215 2497 4277; x_wconf 85' lang='lat' dir='ltr'>falsum</span> 
     </span>
     <span class='ocr_line' id='line_1_37' title="bbox 162 4318 2492 4402; baseline -0 -21"><span class='ocrx_word' id='word_1_381' title='bbox 162 4318 346 4399; x_wconf 81' lang='lat' dir='ltr'>dicis)</span> <span class='ocrx_word' id='word_1_382' title='bbox 372 4319 550 4381; x_wconf 90' lang='lat' dir='ltr'>Buh.</span> <span class='ocrx_word' id='word_1_383' title='bbox 580 4325 723 4394; x_wconf 90' lang='lat'>166,</span> <span class='ocrx_word' id='word_1_384' title='bbox 760 4325 857 4381; x_wconf 85' lang='lat'>12.</span> <span class='ocrx_word' id='word_1_385' title='bbox 901 4324 1041 4395; x_wconf 87' lang='lat'>172,</span> <span class='ocrx_word' id='word_1_386' title='bbox 1078 4326 1175 4381; x_wconf 92' lang='lat'>11.</span> <span class='ocrx_word' id='word_1_387' title='bbox 1213 4340 1358 4380; x_wconf 83' lang='lat' dir='ltr'>mar</span> <span class='ocrx_word' id='word_1_388' title='bbox 1381 4319 1571 4381; x_wconf 76' lang='lat' dir='ltr'>carhe</span> <span class='ocrx_word' id='word_1_389' title='bbox 1595 4341 1736 4382; x_wconf 82' lang='lat' dir='ltr'>men</span> <span class='ocrx_word' id='word_1_390' title='bbox 1760 4320 1912 4382; x_wconf 71' lang='lat' dir='ltr'>robe</span> <span class='ocrx_word' id='word_1_391' title='bbox 1936 4319 2167 4402; x_wconf 82' lang='lat' dir='ltr'>dezaff</span> <span class='ocrx_word' id='word_1_392' title='bbox 2174 4320 2257 4400; x_wconf 86' lang='lat' dir='ltr'>(si</span> <span class='ocrx_word' id='word_1_393' title='bbox 2281 4319 2492 4394; x_wconf 87' lang='lat' dir='ltr'>vellet,</span> 
     </span>
     <span class='ocr_line' id='line_1_38' title="bbox 162 4422 2515 4508; baseline -0 -23"><span class='ocrx_word' id='word_1_394' title='bbox 162 4446 275 4507; x_wconf 87' lang='lat' dir='ltr'>ego</span> <span class='ocrx_word' id='word_1_395' title='bbox 305 4423 708 4485; x_wconf 88' lang='lat' dir='ltr'>iddonarem</span> <span class='ocrx_word' id='word_1_396' title='bbox 736 4423 820 4504; x_wconf 92' lang='lat' dir='ltr'>ei)</span> <span class='ocrx_word' id='word_1_397' title='bbox 861 4430 1001 4499; x_wconf 86' lang='lat'>164,</span> <span class='ocrx_word' id='word_1_398' title='bbox 1039 4431 1137 4485; x_wconf 88' lang='grc'>14.</span> <span class='ocrx_word' id='word_1_399' title='bbox 1178 4431 1244 4485; x_wconf 77' lang='lat' dir='ltr'>tu</span> <span class='ocrx_word' id='word_1_400' title='bbox 1277 4422 1454 4485; x_wconf 84' lang='lat' dir='ltr'>arall</span> <span class='ocrx_word' id='word_1_401' title='bbox 1478 4443 1622 4485; x_wconf 84' lang='lat' dir='ltr'>mar</span> <span class='ocrx_word' id='word_1_402' title='bbox 1646 4424 1879 4508; x_wconf 73' lang='lat' dir='ltr'>qallaf</span> <span class='ocrx_word' id='word_1_403' title='bbox 1897 4426 2155 4487; x_wconf 81' lang='lat' dir='ltr'>breman</span> <span class='ocrx_word' id='word_1_404' title='bbox 2185 4446 2226 4485; x_wconf 87' lang='lat' dir='ltr'>a</span> <span class='ocrx_word' id='word_1_405' title='bbox 2255 4423 2515 4504; x_wconf 81' lang='lat' dir='ltr'>menaff</span> 
     </span>
    </p>
   </div>
   <div class='ocr_carea' id='block_1_3' title="bbox 165 4527 2496 4689">
    <p class='ocr_par' dir='ltr' id='par_1_9' title="bbox 165 4527 2496 4689">
     <span class='ocr_line' id='line_1_39' title="bbox 165 4527 2496 4612; baseline -0 -23"><span class='ocrx_word' id='word_1_406' title='bbox 165 4529 258 4608; x_wconf 92' lang='lat' dir='ltr'>(in</span> <span class='ocrx_word' id='word_1_407' title='bbox 282 4528 365 4591; x_wconf 85' lang='lat' dir='ltr'>ali</span> <span class='ocrx_word' id='word_1_408' title='bbox 375 4550 488 4590; x_wconf 90' lang='lat' dir='ltr'>um</span> <span class='ocrx_word' id='word_1_409' title='bbox 502 4528 736 4602; x_wconf 90' lang='lat' dir='ltr'>locum,</span> <span class='ocrx_word' id='word_1_410' title='bbox 760 4528 814 4591; x_wconf 91' lang='lat' dir='ltr'>si</span> <span class='ocrx_word' id='word_1_411' title='bbox 829 4550 1109 4610; x_wconf 89' lang='lat' dir='ltr'>possum,</span> <span class='ocrx_word' id='word_1_412' title='bbox 1129 4549 1303 4590; x_wconf 90' lang='lat' dir='ltr'>nunc</span> <span class='ocrx_word' id='word_1_413' title='bbox 1319 4528 1450 4608; x_wconf 91' lang='lat' dir='ltr'>ibo)</span> <span class='ocrx_word' id='word_1_414' title='bbox 1473 4535 1577 4602; x_wconf 88' lang='grc'>90,</span> <span class='ocrx_word' id='word_1_415' title='bbox 1607 4535 1705 4588; x_wconf 87' lang='grc'>19.</span> <span class='ocrx_word' id='word_1_416' title='bbox 1737 4531 1941 4612; x_wconf 82' lang='lat' dir='ltr'>dezaf</span> <span class='ocrx_word' id='word_1_417' title='bbox 1950 4549 2092 4590; x_wconf 84' lang='lat' dir='ltr'>mar</span> <span class='ocrx_word' id='word_1_418' title='bbox 2100 4527 2332 4609; x_wconf 73' lang='lat' dir='ltr'>qallaf</span> <span class='ocrx_word' id='word_1_419' title='bbox 2340 4547 2496 4589; x_wconf 76' lang='lat' dir='ltr'>noas</span> 
     </span>
     <span class='ocr_line' id='line_1_40' title="bbox 255 4627 2077 4689; baseline -0.014 -8"><span class='ocrx_word' id='word_1_420' title='bbox 255 4643 386 4681; x_wconf 78' lang='lat' dir='ltr'>vot..</span> <span class='ocrx_word' id='word_1_421' title='bbox 417 4627 500 4679; x_wconf 91' lang='lat'>11.</span> <span class='ocrx_word' id='word_1_422' title='bbox 2001 4638 2032 4688; x_wconf 80' lang='lat'>4</span> <span class='ocrx_word' id='word_1_423' title='bbox 2044 4638 2077 4689; x_wconf 83' lang='lat'>4</span> 
     </span>
    </p>
   </div>
  </div>
 </body>
</html>
