3150 5242
600 353 722 414 718
898 353 1018 414 IV.
1059 358 1119 412 4.
1193 368 1609 412 PARTmULAE
1641 368 2113 411 REsPommnm
2145 347 2623 412 BRITANNICAE.

600 520 957 603 quaesitum
975 521 1029 601 ἲ)
1066 527 1124 596 1,
1160 527 1259 580 11.
1297 519 1578 601 aphonyt
1602 540 1646 601 y
1672 517 1940 600 qeissaw
1971 519 2115 583 dial
2139 522 2231 601 (et
2261 516 2486 600 quidni
2516 538 2766 580 sumere
2795 518 2935 579 vin-

599 626 897 707 dictam3)
934 631 993 701 2,
1034 631 1134 687 18.

762 749 815 811 C
834 748 1109 810 ornica
1153 749 1210 808 A
1241 746 1389 823 NA,
1424 749 1486 808 A
1516 745 1684 809 NY:
1736 768 1777 807 a
1818 748 1918 833 nd⁸
1948 746 2141 829 wylta
2172 747 2417 826 (annon
2459 745 2635 807 vides
2653 745 2705 825 3)
2739 746 2921 808 Pass.

602 859 745 928 120,
780 859 836 915 3.
875 875 915 914 a
945 876 1029 936 ny
1060 853 1300 915 wothas
1332 875 1424 914 ow
1454 860 1689 935 mestry
1716 854 1959 933 (annon
1989 849 2225 912 novisti
2247 860 2628 933 potestatem
2652 873 2859 914 meam
2877 852 2930 933 3)

603 965 745 1035 144,
789 965 846 1020 3.

767 1079 1178 1142 Armorica
1220 1079 1431 1154 ANA,
1460 1078 1646 1144 ANE
1677 1072 2069 1161 conjicienda
2099 1086 2195 1139 est
2226 1088 2290 1139 et
2320 1078 2525 1155 obvia,
2556 1079 2611 1140 si
2639 1089 2812 1141 recte
2840 1079 2931 1141 vi-

597 1188 736 1263 de0,
773 1186 841 1247 in
866 1185 1038 1247 Buh.
1074 1190 1217 1260 158,
1251 1191 1320 1246 8:
1358 1183 1679 1267 anodindy
1714 1184 1861 1246 duct
1883 1184 2163 1266 quenede
2188 1184 2431 1263 (annon
2462 1194 2616 1246 sunt
2638 1182 2818 1247 allati
2845 1195 2930 1246 te.-

596 1314 766 1368 cum,
802 1289 1085 1374 argentei
1097 1289 1149 1372 ἲ)

771 1421 829 1475 3.
883 1411 1408 1494 Interrogationis
1452 1404 1788 1493 Bipartitae
1832 1409 1941 1471 vix
1983 1410 2273 1492 exempla
2315 1422 2676 1474 occurrunt.
2743 1412 2927 1474 Cam-

596 1519 804 1582 bricae
834 1520 1095 1582 iteratae
1124 1516 1473 1601 particulae
1501 1515 1619 1575 AE
1650 1550 1732 1560 ——
1763 1516 1881 1576 ΑΕ
1914 1514 2012 1576 vel
2041 1516 2102 1575 A
2135 1553 2213 1561 —
2244 1516 2326 1591 A,
2363 1514 2416 1577 si
2451 1538 2594 1598 pars
2625 1516 2930 1599 posterior

599 1635 695 1687 est
755 1625 1110 1698 affirmans,
1170 1621 1384 1703 colligi
1441 1629 1713 1703 possunt
1772 1641 1851 1681 ex
1904 1619 2398 1701 interrogatione
2451 1620 2726 1702 simplici
2781 1631 2845 1683 et
2896 1644 2930 1682 e

602 1731 756 1811 Leg.
798 1735 856 1791 2.
899 1736 969 1789 1.x
997 1733 1109 1789 27:
1164 1729 1426 1811 edeueyt
1467 1748 1500 1787 e
1544 1724 1824 1808 kefreith·
1868 1748 1955 1787 na
2000 1747 2116 1808 οφ·
2160 1747 2279 1806 nep
2311 1725 2451 1787 beth
2484 1747 2560 1787 eu
2589 1725 2674 1808 ky
2706 1726 2780 1787 ai
2805 1749 2928 1788 mo-

599 1855 765 1918 ruyn
796 1854 871 1895 ae
895 1832 1115 1915 yureic
1138 1834 1271 1915 (lex
1300 1831 1676 1915 pronuntiat
1706 1830 2028 1891 neminem
2056 1851 2239 1912 posse
2272 1830 2449 1905 scire,
2481 1831 2634 1912 quid
2660 1831 2742 1893 sit
2767 1831 2925 1914 ipsa,

601 1950 816 2000 utrum
835 1938 1011 2019 virgo
1027 1960 1110 2000 an
1124 1937 1384 2011 mulier3
1404 1937 1484 1998 cf.
1502 1959 1568 2019 p.
1593 1942 1669 1997 68
1679 1939 1767 2017 6).
1812 1937 1991 2000 Num
2006 1935 2075 1997 in
2093 1946 2272 2017 parte
2290 1935 2620 2017 posteriori
2636 1937 2929 2018 negativa

600 2043 670 2105 in
700 2064 825 2105 usu
855 2042 1047 2105 fuerit
1074 2043 1345 2104 formula
1375 2064 1450 2104 ae
1478 2065 1621 2118 nac,
1658 2064 1699 2104 a
1729 2062 1872 2116 nac,
1910 2040 2274 2122 exemplum
2304 2063 2435 2104 non
2466 2043 2855 2123 comprobat.

772 2164 1078 2228 Cornicae
1118 2175 1193 2226 ut
1232 2163 1570 2246 armoricae
1611 2162 1916 2225 formulae
1960 2173 2263 2244 poterunt
2305 2162 2462 2226 item
2500 2160 2731 2245 conjici
2759 2164 2819 2224 A
2849 2200 2929 2208 -—

600 2270 681 2345 A,
718 2270 831 2331 AC
866 2307 948 2316 —
979 2270 1115 2332 AC.
1184 2269 1308 2331 Sed
1340 2268 1408 2329 in
1436 2267 1615 2330 libris
1648 2268 1937 2350 exempla
1965 2286 2097 2330 non
2127 2265 2276 2349 legi.

1114 2530 1190 2592 C.
1258 2527 1736 2591 Particulae
1790 2528 2411 2609 respondentes,

774 2719 826 2780 C
846 2714 1200 2805 ambrice
1244 2715 1662 2796 respondetur
1714 2712 1963 2794 saepius
2019 2710 2213 2774 etiam
2264 2721 2339 2774 ut
2389 2711 2717 2775 hibernice
2759 2734 2927 2795 repe-

608 2824 800 2886 tenda
831 2843 1003 2895 voce,
1042 2830 1174 2880 tam
1204 2818 1603 2880 substantivo
1635 2840 1826 2900 quam
1858 2819 2068 2893 verb0,
2106 2839 2231 2899 quo
2260 2819 2336 2879 fit
2364 2814 2800 2900 interrogatio,
2833 2819 2931 2881 vel

609 2927 981 2990 affirmando
1013 2923 1114 2987 vel
1142 2923 1457 3005 negando,

778 3047 862 3109 E.
891 3069 985 3129 gr.
1022 3046 1424 3107 affirmando:
1476 3067 1551 3106 ae
1594 3067 1802 3108 amser
1842 3044 2005 3129 ynm'
2043 3053 2230 3129 vynet
2267 3066 2349 3129 yr
2379 3045 2639 3128 byrdeu.
2676 3048 2927 3109 Amser.

607 3154 902 3236 arqlwyd
949 3150 1061 3214 heb
1112 3172 1193 3234 Ψ·
1244 3148 1441 3212 owein
1486 3152 1673 3228 (num
1725 3156 1976 3233 tempus
2026 3150 2211 3214 nobis
2266 3150 2460 3213 eundi
2513 3152 2593 3213 ad
2643 3148 2932 3212 mensas?

608 3257 926 3340 Tempus!
979 3254 1255 3331 domine,
1291 3255 1619 3338 respondit
1650 3256 1765 3337 O.)
1798 3256 1974 3317 Mab.
2016 3260 2073 3331 1,
2116 3262 2216 3317 11.
2267 3277 2308 3317 a
2353 3256 2501 3339 bery
2533 3255 2607 3317 di
2639 3257 2743 3319 bot
2769 3277 2932 3340 vym-

608 3361 828 3426 marck
870 3361 898 3423 i
938 3383 1042 3423 am
1085 3382 1285 3422 arueu
1323 3383 1409 3444 yn
1454 3362 1688 3445 vnletty
1720 3358 1854 3422 ami
1881 3358 2059 3422 beno,
2110 3361 2344 3444 Paraf
2361 3363 2547 3441 (num
2577 3360 2768 3423 facies
2800 3381 2930 3422 esse

608 3488 847 3550 equum
874 3487 1089 3530 meum
1116 3476 1178 3527 et
1201 3485 1374 3526 arma
1396 3488 1538 3528 mea
1559 3466 1629 3527 in
1652 3486 1783 3527 uno
1805 3465 1944 3528 loco
1965 3486 2220 3527 mecum
2241 3465 2360 3527 hac
2383 3464 2610 3527 nocte?
2641 3465 2871 3529 faciam
2888 3465 2933 3547 l)

615 3580 674 3650 1,
713 3577 859 3633 264.
911 3592 1053 3632 aces
1096 3570 1414 3634 chwedleu
1458 3593 1492 3632 o
1537 3572 1765 3654 newyd
1795 3578 2033 3653 qennyt
2075 3569 2144 3633 ti.
2203 3572 2323 3633 Oes
2366 3561 2662 3655 arqlwyd
2700 3570 2814 3634 heb
2857 3593 2934 3655 yr

608 3686 801 3763 ynteu
844 3679 1030 3759 (num
1081 3675 1298 3737 nuntii
1342 3654 1490 3737 novi
1535 3686 1688 3737 sunt
1732 3673 1983 3738 tecum?
2032 3675 2233 3737 Sunt!
2284 3674 2561 3750 domine,
2611 3675 2933 3757 respondit

609 3783 746 3863 ille)
784 3788 845 3858 2,
883 3789 942 3843 6.

783 3888 856 3951 Si
884 3898 1176 3969 negatur,
1208 3886 1454 3949 obtinet
1484 3885 1833 3968 particulae
1863 3885 2062 3947 forma
2085 3886 2236 3964 NA,
2265 3897 2414 3949 ante
2444 3887 2690 3949 vocales
2714 3888 2781 3950 N
2782 3888 2926 3950 AC:

615 3994 822 4076 dywet
862 3992 976 4054 heb
1022 3993 1110 4075 qs.
1149 4014 1189 4053 a
1230 4014 1310 4054 vu
1355 3992 1435 4075 ef
1461 4000 1700 4075 qennyt
1731 3990 1782 4052 ti
1810 4013 1850 4052 a
1882 3992 2259 4073 ywneutkur
2288 3992 2526 4054 amuod
2550 3999 2764 4055 arnat.
2827 3992 2936 4053 Na

614 4119 695 4160 vu
732 4117 893 4181 mynr
926 4106 1146 4181 quret
1184 4097 1298 4160 heb
1345 4097 1417 4159 ki
1457 4096 1610 4178 (dic,
1660 4096 1892 4178 inquit,
1940 4117 2098 4158 num
2140 4095 2264 4159 fuit
2304 4097 2357 4159 is
2404 4098 2576 4179 apud
2622 4106 2685 4158 te
2732 4098 2813 4158 ad
2850 4095 2936 4157 fa-

615 4204 912 4266 ciendum
963 4212 1184 4265 contra
1233 4203 1629 4264 voluntatem
1684 4200 1837 4264 tibi?
1897 4202 2048 4264 Non
2093 4202 2252 4279 fuit,
2299 4221 2413 4285 per
2462 4204 2655 4264 fidem
2707 4222 2929 4274 meam,

616 4308 781 4372 dixit
823 4307 989 4390 ipsa)
1023 4309 1198 4370 Mab.
1242 4316 1297 4382 1,
1338 4312 1477 4368 240.
1531 4330 1573 4369 a
1613 4329 1867 4392 vorwyn
1905 4305 2017 4369 heb
2047 4328 2089 4391 y
2107 4310 2392 4389 peredur
2420 4310 2584 4392 adoy
2616 4306 2691 4368 di
2713 4329 2756 4390 y
2787 4308 2936 4368 dan·

613 4436 725 4496 90⁸
769 4413 906 4497 ymi
941 4434 1023 4495 yr
1065 4412 1310 4475 aniueil
1347 4412 1615 4476 hwnnw.
1667 4415 1815 4476 Nae
1857 4414 1948 4494 af
1974 4434 2059 4495 ny
2102 4413 2449 4497 Zyua-sswys
2490 4415 2618 4495 dyn
2649 4413 2842 4495 uynet
2866 4430 2941 4494 yr
