3150 5242
649 514 771 575 690
1146 509 1266 572 IV.
1308 514 1366 568 3.
1433 527 1965 571 CONJUNCTIONES
1998 528 2469 571 BRITANNICAE.

647 702 836 742 razas
880 700 977 741 me
1021 677 1136 739 leoz
1179 699 1367 741 assur
1397 677 1482 757 (ei
1525 676 1580 738 si
1621 660 1882 759 possum
1923 697 2169 752 nocere,
2206 677 2453 752 faciam,
2490 677 2733 739 affirmo
2767 677 2971 759 vobis)

652 791 755 860 88,
796 790 854 845 2.
919 784 1042 845 Ma
1086 793 1150 845 et
1191 805 1332 846 maz
1375 782 1660 864 ejusdem
1704 781 2217 863 significationis:
2268 802 2374 843 ma
2416 782 2605 844 lauar
2640 804 2804 866 yaoa
2842 806 2885 845 a
2917 790 2971 846 te

640 890 903 973 prouffe
923 889 1018 969 (si
1058 888 1213 950 dicit
1256 889 1507 963 falsum,
1544 909 1702 949 num
1746 897 1817 948 tu
1846 888 2139 967 probares
2158 886 2209 967 ἲ)
2226 934 2248 962 ,
2284 908 2381 949 me
2411 886 2602 949 carhe
2632 910 2734 950 ma
2765 888 2834 948 be
2865 909 2969 949 aes

652 990 906 1075 (vellem
949 1017 1087 1077 eg0,
1125 993 1180 1056 si
1218 1004 1384 1056 esset
1426 992 1752 1076 possibile)
1791 998 1933 1067 158,
1977 999 2078 1053 10.
2122 998 2221 1053 15.
2271 1013 2378 1054 ma
2421 990 2616 1075 castet
2658 994 2817 1055 dour
2859 992 2971 1054 nin

648 1121 904 1163 recouro
948 1100 1031 1180 (si
1082 1110 1248 1161 esset
1298 1120 1495 1181 aqua,
1552 1119 1669 1160 nos
1722 1118 1863 1159 eam
1914 1100 2333 1177 sumeremus)
2381 1104 2499 1157 100
2519 1144 2538 1171 ,
2579 1104 2640 1158 9.
2698 1119 2801 1160 ma
2853 1119 2971 1159 ηθη

650 1206 831 1267 Zaue‘r
861 1226 967 1268 ma
996 1226 1117 1267 ηθη
1133 1203 1397 1288 pim‘qer
1427 1211 1572 1287 quet
1602 1201 1684 1284 (si
1714 1200 1872 1283 ejus,
1906 1201 2172 1283 peccati,
2208 1223 2340 1263 non
2368 1203 2445 1263 fit
2472 1201 2708 1264 lavatio
2738 1215 2802 1264 et
2830 1222 2973 1285 poe-

649 1311 942 1386 nitentia,
986 1309 1104 1371 erit
1133 1308 1483 1390 damnatio)
1513 1314 1616 1383 66,
1653 1313 1711 1368 6.
1764 1326 1905 1368 maz
1922 1307 2140 1390 pliclae
2164 1316 2325 1390 qamt
2354 1307 2467 1368 doe
2489 1307 2642 1390 quir
2672 1329 2823 1369 roen
2852 1316 2975 1370 ster

654 1465 667 1478 .
711 1464 725 1478 .
761 1437 859 1478 me
893 1437 1060 1499 qray
1104 1437 1219 1476 veu
1249 1413 1331 1494 (si
1374 1414 1651 1496 placeret
1690 1413 1807 1474 deo
1848 1434 1997 1474 vero
2027 1412 2158 1495 regi
2189 1412 2536 1488 stellarum,
2572 1412 2844 1475 facerem
2874 1434 2976 1475 vo-

650 1523 839 1602 tum),
878 1542 1018 1582 maz
1062 1519 1285 1582 carech
1331 1519 1494 1581 soler
1539 1540 1647 1581 ma
1693 1527 2007 1600 quemeret
2035 1541 2103 1579 ez
2132 1516 2332 1580 ναΙιθη
2363 1518 2446 1600 (si
2476 1517 2722 1580 velletis
2753 1539 2858 1580 me
2888 1539 2977 1580 re-

647 1627 877 1708 cipere,
913 1625 1209 1705 facerem)
1248 1630 1347 1699 18,
1386 1631 1446 1685 4.
1487 1629 1589 1698 20,
1627 1630 1688 1684 4.

817 1731 1011 1793 Corn.
1048 1750 1194 1811 may
1236 1727 1496 1790 relativa
1538 1727 1934 1810 conjunctio:
1983 1730 2173 1790 Jesus
2216 1748 2303 1810 yn
2333 1748 2485 1807 pozo
2527 1749 2676 1812 may
2711 1729 2814 1790 the
2843 1729 2926 1813 ef
2940 1751 2978 1791 a

646 1857 856 1918 sawye
886 1856 970 1896 αη
995 1834 1259 1916 qlevyon
1285 1835 1375 1914 (J.
1405 1833 1475 1896 in
1504 1833 1784 1916 regione,
1821 1832 1935 1895 ubi
1960 1843 2115 1908 erat,
2145 1833 2428 1895 salvabat
2451 1837 2767 1915 aegrotos)
2794 1837 2971 1897 Pass.

652 1946 754 2015 25,
792 1946 847 2000 1.
883 1962 924 2022 y
958 1939 1014 2000 Ζθ
1042 1959 1188 2021 may
1223 1937 1368 2000 then
1398 1960 1496 2000 me
1526 1940 1861 2000 asderevas
1888 1938 1981 2019 (in
2014 1938 2191 2012 locis,
2221 1937 2331 1999 ubi
2353 1958 2624 2014 eramuS,
2656 1940 2974 2021 publicavi

648 2065 777 2117 eOS,
813 2045 1159 2124 sermones)
1195 2050 1296 2118 79,
1331 2050 1388 2104 3.
1426 2066 1510 2105 an
1545 2043 1698 2125 dyth
1729 2065 1877 2127 may
1908 2065 2058 2105 vene
2085 2046 2276 2106 Jesus
2306 2064 2492 2126 sopye
2522 2043 2685 2123 (dies
2717 2066 2845 2125 quo
2875 2066 2974 2106 vo-

646 2149 818 2210 lebat
847 2150 910 2209 J.
947 2149 1234 2228 coenare)
1270 2155 1372 2223 41,
1413 2156 1471 2210 3.
1524 2157 1766 2231 termyn
1798 2169 1867 2209 re
1900 2150 2039 2210 beve
2068 2170 2214 2231 may
2228 2149 2392 2233 syth
2422 2171 2507 2210 αη
2538 2148 2742 2231 beqell
2767 2150 2974 2234 kyllys

649 2256 928 2335 (tempus
959 2251 1171 2327 fuerit,
1209 2274 1337 2333 quo
1369 2253 1486 2314 erit
1515 2264 1731 2336 pastor
1759 2253 2072 2335 perditus)
2106 2260 2209 2328 48,
2250 2259 2308 2314 3.

820 2358 1062 2419 Eadem
1093 2379 1238 2418 cum
1267 2358 1611 2440 praemissa
1640 2378 1855 2439 praep.
1893 2379 2010 2440 ray
2042 2357 2405 2439 significans
2434 2357 2547 2419 lat.
2584 2359 2792 2440 quod.-
2830 2380 2971 2442 qen-

645 2484 790 2525 sons
837 2462 1046 2544 cusyll
1081 2484 1208 2545 naq
1254 2486 1287 2523 o
1327 2485 1438 2525 vas
1482 2485 1601 2546 ray
1633 2484 1780 2546 may
1795 2462 1882 2544 fo
1912 2464 2102 2524 Jesus
2133 2462 2401 2544 dz‘swrys
2433 2463 2747 2542 (fecerunt
2777 2465 2970 2527 oonsi-

601 2639 606 2644 ‚
645 2567 828 2644 lium,
865 2589 997 2629 non
1028 2589 1162 2630 esse
1194 2569 1457 2644 bonum,
1494 2570 1664 2650 quod
1694 2579 1858 2631 esset
1888 2570 1951 2630 J.
1987 2567 2297 2649 perditus)
2333 2569 2409 2630 P.
2449 2570 2550 2644 31,
2590 2574 2651 2630 3.

819 2674 1012 2735 Corn.
1050 2695 1196 2756 may
1242 2673 1609 2755 significans
1640 2673 1752 2735 lat.
1790 2682 1862 2736 ut
1890 2673 2030 2753 (ubi
2059 2673 2214 2735 item
2241 2672 2462 2734 relatio
2494 2674 2689 2735 statui
2718 2675 2961 2757 poterit,

648 2799 795 2839 cum
826 2776 1208 2859 supponitur
1236 2799 1382 2853 vox,
1414 2788 1486 2839 ut
1517 2781 1695 2840 adest
1725 2777 2045 2852 armorice,
2077 2778 2157 2838 ad
2182 2798 2371 2858 quam
2394 2777 2585 2838 fuerit
2606 2779 2959 2864 primitus):

648 2903 731 2943 αη
770 2881 994 2964 qusyll
1033 2903 1067 2941 o
1113 2902 1262 2964 may
1276 2882 1362 2965 fe
1395 2884 1537 2944 dres
1553 2882 1920 2963 pehadures
1953 2881 2318 2963 (consilium
2349 2893 2503 2957 erat,
2541 2894 2615 2943 ut
2643 2885 2968 2948 duceretur

647 2985 988 3066 peccatrix,
1026 2986 1107 3046 ad
1138 2989 1312 3067 eum)
1347 2987 1528 3048 Pass.
1567 2991 1669 3061 32,
1703 2993 1761 3047 1.
1798 3006 1896 3047 me
1927 3006 1967 3046 a
1997 3007 2076 3048 ra
2108 2986 2209 3048 the
2247 2986 2464 3049 Christ
2492 3008 2631 3048 ame
2660 3010 2808 3073 may
2837 2990 2966 3053 hal·

648 3089 839 3171 Zouqh
879 3109 922 3173 y
959 3110 1280 3151 asswonas
1314 3091 1457 3172 (ego
1488 3091 1649 3151 dabo
1681 3089 1937 3152 Christo
1967 3091 2276 3167 osculum,
2311 3102 2387 3153 ut
2414 3092 2669 3173 possitis
2701 3116 2849 3157 eum
2875 3118 2966 3157 co·

647 3197 975 3275 gnoscere)
1012 3200 1113 3270 63,
1154 3201 1212 3256 4.
1280 3194 1546 3276 Legitur
1592 3195 1784 3255 etiam
1828 3215 1970 3258 ma:
2014 3219 2056 3279 y
2080 3196 2381 3279 fons-ow
2412 3196 2687 3279 cronkye
2713 3219 2820 3260 ma
2849 3222 2966 3283 naq

648 3319 746 3359 ese
781 3298 932 3380 qotlz
978 3322 1064 3361 ηα
1111 3299 1286 3384 leyff
1313 3321 1438 3382 naq
1472 3322 1571 3361 ese
1601 3298 1801 3361 worth
1830 3321 1873 3382 y
1898 3321 2127 3383 ιᾳνθυψ
2159 3300 2569 3381 (ceciderunt,
2605 3312 2680 3363 ut
2709 3324 2825 3365 nec
2849 3315 2965 3366 ter·

646 3424 804 3484 gum
839 3397 962 3465 'nec
1004 3425 1231 3466 manus
1275 3414 1439 3466 esset
1467 3418 1601 3465 non
1631 3403 2017 3485 dolorosum)
2057 3409 2197 3479 132,
2238 3410 2296 3466 2.
2338 3425 2502 3487 qaus
2531 3405 2819 3492 kymmys
2849 3410 2973 3472 nell

650 3529 756 3570 ma
788 3508 915 3571 teth
946 3532 1028 3571 αη
1059 3511 1259 3593 dreyn
1293 3513 1502 3590 (tanta
1528 3509 1616 3585 vi,
1654 3518 1729 3571 ut
1757 3508 2049 3570 venirent
2078 3509 2325 3591 spinae)
2363 3516 2506 3585 134,
2541 3517 2599 3571 3.

820 3615 1070 3675 Armor.
1107 3634 1249 3675 maz
1289 3613 1587 3675 relativa:
1641 3612 1826 3674 arria
1869 3635 1937 3674 eo
1969 3614 2079 3675 dez
2109 3613 2251 3676 maz
2274 3614 2664 3697 qouzuezker
2692 3618 2965 3701 (propin-

648 3742 814 3801 quus
859 3728 955 3781 est
999 3718 1155 3794 dies,
1194 3739 1319 3798 quo
1365 3717 1624 3798 scietur)
1657 3717 1828 3778 Buh.
1870 3723 1971 3793 84,
2015 3724 2111 3779 12.
2160 3742 2235 3781 θη
2268 3718 2402 3781 lech
2431 3740 2572 3781 maz
2601 3742 2708 3781 voe
2735 3742 2839 3782 rez
2865 3724 2966 3785 ba—

652 3826 827 3887 dezet
855 3824 951 3904 (in
990 3823 1150 3896 loen,
1188 3821 1299 3883 ubi
1339 3831 1508 3882 recte
1546 3819 1902 3902 baptizatus
1949 3833 2065 3897 est,
2102 3823 2340 3903 infans)
2380 3830 2521 3899 104,
2565 3830 2663 3885 19.
2712 3825 2966 3887 ὂθηηοθε

648 3952 728 3992 θη
769 3950 882 3991 eur
916 3928 1259 4011 qlawmaz
1297 3933 1501 4008 yanat
1529 3925 1911 4006 (benedictio
1940 3927 2092 3988 boni
2119 3927 2255 4003 fati,
2293 3950 2417 4009 quo
2447 3939 2637 3990 natus
2668 3932 2791 4011 est)
2829 3937 2960 4006 100,

658 4040 714 4093 1.
766 4033 922 4094 ἄνθη
951 4052 1076 4111 pez
1118 4052 1261 4092 maz
1291 4053 1368 4093 eu
1398 4029 1531 4092 din.
1570 4031 1727 4092 ἄνθη
1743 4052 1868 4111 pez
1897 4052 2038 4093 maz
2065 4054 2133 4092 eo
2164 4041 2339 4095 οηθεί
2369 4036 2507 4115 (per
2534 4055 2691 4108 rem,
2729 4054 2852 4115 qua
2880 4045 2969 4097 est

649 4136 908 4218 dignuS,
945 4136 1285 4210 honestus3
1336 4136 1380 4197 i.
1417 4156 1472 4197 e.
1511 4134 1662 4217 quia
1702 4145 1798 4199 est
1835 4135 2092 4217 dignus,
2129 4137 2463 4219 honestus)
2502 4144 2644 4213 108,
2689 4145 2787 4199 16.
2828 4146 2959 4215 110,

661 4249 760 4303 10.
810 4264 886 4303 θη
917 4239 1032 4303 koz
1062 4249 1291 4323 ᾳῑιθηθτ,ι
1317 4261 1508 4303 emem
1539 4240 1761 4325 ketaff
1781 4290 1793 4303 .
1838 4289 1851 4304 .
1883 4252 2177 4324 -quement
2202 4263 2344 4304 maz
2374 4265 2451 4305 ηθ
2481 4242 2707 4325 cafaff
2726 4290 2741 4303 .
2784 4290 2797 4304 .
2833 4265 2964 4326 que·

652 4355 825 4409 ment
864 4367 1006 4408 maz
1047 4346 1158 4429 off
1179 4347 1454 4429 ezaedof
1470 4346 1647 4431 claff
1661 4347 1757 4428 (in
1788 4357 1993 4409 vestra
2022 4346 2222 4410 forma
2250 4348 2527 4410 delector
2556 4369 2629 4409 ea
2657 4347 2965 4429 magnitu-

650 4452 821 4527 dine,
860 4472 985 4535 qua
1023 4473 1156 4514 non
1195 4452 1485 4527 habeam,
1528 4498 1541 4513 .
1586 4499 1600 4513 .
1637 4473 1764 4535 qua
1807 4451 1929 4513 sim
1959 4462 2273 4533 aegrotuS,
2310 4452 2354 4514 i.
2392 4475 2447 4515 e.
2483 4452 2576 4514 ita
2605 4462 2680 4514 ut
2707 4474 2838 4515 non
2865 4453 2966 4516 ha·

649 4557 853 4632 beam,
890 4566 965 4619 ut
995 4556 1115 4619 sim
1145 4560 1465 4640 aegrotus)
1503 4562 1605 4631 38,
1649 4562 1748 4616 10.
1792 4562 1892 4616 12.
1971 4598 1978 4605 -
