3150 5242
631 390 756 450 958
1044 393 1167 454 VI.
1208 397 1269 453 2.
1329 412 1777 455 consrnuc'rlo
1809 411 2087 454 romum
2119 408 2548 451 nulnnmm.

634 632 637 643 Ι
677 566 813 622 Cler
843 588 874 621 ο
912 564 917 643 ἶ
946 587 1069 621 eam
1101 587 1292 623 armer
1323 588 1357 622 a
1389 576 1686 623 armerant
1717 562 1735 645 l}
1809 566 1999 622 cathol
2030 565 2291 622 andiuiol
2319 585 2386 620 eu
2414 585 2488 620 ou
2515 562 2762 620 moliant

677 669 830 724 Cerd
856 686 1080 743 ezr-quan
1111 669 1308 725 diblan
1340 689 1375 724 a
1410 666 1417 743 l
1447 678 1658 724 canant
1689 664 1708 748 ss
1749 678 1752 685 '
1781 669 2008 743 celquid
2021 690 2144 742 pop
2174 686 2360 723 amser
2387 686 2422 720 a
2453 673 2767 722 armarant.

632 771 723 829 Ni
790 770 1011 827 cablam
1057 770 1142 825 mi
1180 792 1289 825 nar
1324 792 1327 835 !
1356 771 1489 826 eerd
1525 792 1600 826 na
1672 771 2024 827 cerduriaetlz
2061 764 2079 849 Η
2133 782 2138 813 2
2167 768 2323 824 canis
2353 768 2454 823 diu
2483 788 2520 823 a
2549 788 2672 823 roes
2701 788 2803 823 rac
2833 767 2954 823 dro-

1889 868 1930 897 '¹
2041 872 2199 927 cou'r
2231 904 2237 929 ς
2264 871 2482 927 calaeth

640 974 778 1029 Onz't
821 974 940 1029 hun
971 974 1033 1028 ai
1060 974 1309 1029 hara-ein
1342 995 1373 1029 ο
1410 970 1413 1043 ξ
1443 973 1893 1029 camliuodraeth
1927 968 1946 1051 ί,
1982 994 2075 1028 am
2113 992 2116 1049 ¹.
2144 973 2312 1030 cablu
2341 973 2473 1029 Iesu
2502 973 2566 1028 ai
2586 971 2951 1047 qua-sanaem.

805 1120 1211 1182 Comitantur
1242 1121 1505 1203 insuper
1534 1122 1694 1184 aliae
1727 1122 2039 1204 quaedam
2062 1120 2344 1184 diversae
2368 1122 2437 1183 in
2461 1121 2720 1183 vocibus
2746 1122 2961 1201 argmer

634 1236 979 1309 ar'merant
1017 1226 1023 1309 1
1064 1227 1350 1303 molismi,
1392 1230 1397 1309 ξ
1429 1230 1540 1290 diu
1589 1228 1876 1309 {drocow

809 1333 863 1394 Ε
907 1354 1080 1393 more
1125 1332 1399 1394 triadum
1428 1334 1629 1395 ‘valde
1661 1333 1894 1395 usitato
1927 1334 2099 1415 apud
2129 1335 2432 1396 Cambros
2464 1344 2527 1394 et
2556 1344 2812 1394 vetusto
2842 1342 2962 1394 orta

636 1451 732 1500 est
786 1438 1047 1520 stropha
1099 1438 1326 1500 certior
1379 1439 1695 1501 cambrica
1746 1449 1811 1500 et
1853 1440 2244 1522 frequentior
2288 1440 2580 1515 triadica,
2630 1438 2961 1522 persistens

638 1544 831 1607 etiam
862 1545 930 1606 in
960 1544 1295 1606 recentiori
1324 1546 1499 1627 poesi
1519 1545 1712 1627 juxta
1741 1567 1958 1608 versus
1990 1546 2089 1608 vel
2120 1547 2413 1628 strophas
2444 1568 2591 1608 cum
2613 1543 2964 1607 assonantia

640 1661 752 1712 aut
792 1649 1185 1725 continuata,
1224 1662 1337 1713 aut
1376 1652 1718 1736 copulante
1759 1653 1917 1713 duas
1958 1650 2183 1727 lineas,
2220 1652 2543 1714 interdum
2571 1651 2812 1734 plures,
2851 1660 2965 1712 tam

640 1757 1097 1838 subsequentes
1142 1779 1335 1839 quam
1374 1757 1747 1840 disparatas
1815 1741 2036 1820 Potest
2076 1757 2390 1840 distingui
2428 1758 2689 1841 stropha
2720 1755 2967 1820 triadica

642 1862 911 1944 simplex
955 1874 1019 1922 et
1063 1863 1378 1943 copulata.
1446 1862 1880 1925 Constituitur
1921 1862 2192 1945 simplex
2234 1864 2384 1926 solis
2430 1864 2631 1927 tribus
2661 1861 2847 1925 lineis
2878 1860 2966 1923 vel

643 1966 925 2029 versibus
967 1989 1115 2029 cum
1159 1978 1327 2029 certo
1369 1990 1635 2032 numero
1667 1979 1911 2052 septem
1943 1968 2349 2051 syllabarum,
2377 1969 2622 2032 indutis
2653 1991 2784 2031 una
2812 1988 2966 2029 asso-

642 2073 885 2147 nantia,
918 2095 1109 2155 quam
1140 2073 1469 2155 stropham
1498 2076 1773 2137 offerunt
1802 2097 1934 2137 non
1965 2075 2173 2137 solum
2203 2074 2659 2158 epigrammata
2681 2074 2792 2136 illa
2814 2072 2968 2134 dicta

642 2178 979 2262 enylynion
1012 2177 1340 2241 strictioris
1366 2190 1721 2243 structurae
1735 2180 1872 2263 jam
1896 2203 2090 2263 supra
2111 2194 2460 2244 memorata
2483 2184 2574 2263 (p.
2609 2188 2756 2257 947,
2783 2181 2962 2259 not.),

646 2297 779 2347 tam
808 2284 1155 2347 vetustiora
1185 2304 1379 2366 quam
1406 2286 1777 2362 recentiora,
1806 2287 1918 2349 sed
1946 2285 2140 2349 etiam
2169 2298 2304 2350 tota
2331 2287 2614 2349 carmina
2643 2298 2708 2349 et
2728 2285 2863 2367 ipsa
2885 2305 2966 2346 re·

647 2390 831 2452 sidua
862 2402 993 2452 tam
1023 2411 1057 2450 e
1088 2400 1341 2452 vetusta
1370 2413 1563 2473 quam
1593 2414 1628 2454 e
1658 2392 1996 2455 recentiori
2023 2393 2297 2475 poetices
2328 2392 2680 2454 cambricae
2711 2387 2967 2454 aetate*

651 2498 730 2558 In
776 2476 1036 2578 stropha
1080 2496 1340 2558 triadica
1382 2496 1679 2580 copulata
1722 2498 2015 2580 strophas
2047 2498 2240 2560 trium
2270 2497 2607 2574 linearum,
2644 2519 2801 2581 quae
2829 2505 2967 2558 sunt

650 2602 842 2665 unius
888 2601 1043 2665 item
1085 2603 1485 2666 assonantiae
1528 2606 1641 2667 sed
1682 2604 1944 2668 minoris
1990 2605 2267 2668 ambitus
2299 2628 2434 2668 esse
2465 2605 2694 2680 solent,
2731 2601 2964 2686 copulat

650 2720 876 2792 quarta
920 2708 1090 2770 linea
1134 2708 1350 2771 addita
1395 2721 1470 2772 ut
1511 2733 1850 2774 commune
1881 2711 2235 2786 vinculum,
2272 2733 2432 2792 quae
2464 2710 2709 2773 scilieet
2736 2709 2853 2772 alia
2880 2728 2963 2770 as·

650 2813 943 2877 sonantia
986 2814 1363 2877 terminatur
1408 2816 1659 2900 aequali
1697 2840 1810 2901 per
1839 2828 2046 2880 totum
2077 2839 2352 2879 carmen.
2422 2816 2711 2879 Pertinet
2740 2815 2963 2879 ethaeo

652 2922 731 2982 ad
761 2917 1172 2981 recentiorem
1202 2920 1421 3003 poesin
1443 2922 1706 3006 jamque
1736 2934 2022 2986 vetustae
2052 2922 2442 3003 attribuitur.
2464 2920 2530 2954 *³*

790 3157 814 3182 *
851 3155 1161 3208 vetustiora
1189 3174 1220 3208 a
1243 3161 1405 3226 poeta
1427 3160 1833 3229 Lywarehheno
1858 3161 1916 3213 in
1942 3162 2093 3232 Myv.
2122 3161 2288 3224 Arch.
2340 3162 2667 3214 Recentiora
2691 3159 2879 3231 prolata
2899 3154 2953 3207 ab

657 3240 972 3304 editoribus,
1004 3258 1052 3292 e.
1080 3259 1163 3309 gr.
1193 3241 1249 3294 in
1275 3243 1425 3296 Mab.
1457 3248 1505 3308 2,
1543 3248 1657 3309 158,
1686 3245 1744 3298 in
1781 3245 1906 3298 libri
1943 3245 2221 3315 inscripti:
2247 3243 2568 3299 “Britannia
2604 3246 2737 3299 after
2760 3245 2844 3297 the
2865 3241 2953 3293 Ro·

654 3343 824 3389 mans,
853 3325 1031 3378 Lond.
1066 3326 1234 3377 18:11'1
1254 3335 1402 3380 tomo
1429 3334 1477 3393 2,
1507 3348 1561 3399 p.
1593 3334 1656 3382 24
1683 3349 1764 3400 sq.

766 3411 818 3436 ⁴*
852 3410 1020 3478 Apud
1044 3412 1244 3465 Davies
1280 3413 1538 3484 leguntur
1575 3416 1715 3468 duae
1751 3418 2004 3487 strophae
2037 3434 2160 3469 cum
2195 3416 2504 3470 assonantia
2540 3418 2599 3469 in
2633 3414 2792 3469 ternis
2824 3408 2952 3464 lineis

656 3495 936 3565 bisyllaba‚
966 3513 1085 3548 rara
1110 3495 1165 3549 in
1193 3499 1518 3553 carminibus
1545 3501 1845 3566 cambricis‚
1876 3504 1976 3554 hae
2006 3502 2265 3572 (Gramm.
2291 3521 2345 3573 p.
2377 3503 2528 3572 207):

1131 3598 1227 3650 Mi
1246 3618 1279 3650 a
1306 3601 1475 3670 baras
1952 3606 2058 3655 Am
2088 3606 2296 3674 lyfassu

1131 3684 1220 3735 Im
1242 3702 1393 3753 qwen
1419 3688 1563 3754 aras,
1951 3689 2038 3757 Fy
2065 3690 2125 3741 πί
2224 3709 2304 3754 su,

1140 3771 1299 3821 Gann
1323 3789 1356 3822 α
1377 3774 1560 3838 qaraf,
1950 3778 2058 3825 Am
2085 3774 2284 3838 Iliassu,

1208 3856 1353 3907 Gain
1378 3875 1407 3907 o
1428 3858 1648 3925 qerydd.
2015 3860 2122 3912 Em
2152 3858 2389 3928 lliosydd.

659 3959 804 4010 Sunt
839 3965 1130 4027 quaternae
1169 3957 1406 4027 syllabae
1441 3958 1497 4010 in
1538 3959 1791 4013 omnibu‘s
1828 3960 2004 4014 lineis.
2057 3960 2270 4019 Quinae
2306 3961 2363 4014 in
2395 3960 2677 4024 triadibuS‚
2706 3957 2944 4029 quaternae

661 4044 716 4095 in
754 4043 910 4096 lineis
951 4042 1270 4113 copulativis
1308 4043 1662 4098 inveniuntur
1697 4046 1752 4097 in
1789 4046 2022 4099 carmine
2046 4045 2330 4116 Lywarchi
2353 4049 2542 4115 poetae
2569 4043 2763 4097 saeculi
2785 4033 2942 4092 duode-

662 4129 805 4191 cimi,
832 4129 986 4199 cujus
1012 4136 1141 4181 sunt
1166 4128 1303 4180 duae
1330 4130 1581 4198 strophae
1609 4131 1716 4201 (ap.
1746 4132 1912 4183 Turn.
1942 4150 1996 4201 p.
2028 4133 2111 4202 64)
2133 4154 2144 4184 ε

1121 4232 1386 4300 Daroycm
1409 4233 1485 4283 M
1482 4232 1620 4284 ertin
1774 4222 1785 4231 ⁹
1817 4216 1832 4228 ⁶
1951 4234 2216 4301 Dywawd
2236 4234 2504 4302 derwyton

1123 4316 1630 4384 Dyvodhreyenhin
1959 4318 2178 4369 Dadeni
2198 4319 2384 4370 haelon

1128 4402 1175 4452 O
1208 4404 1414 4471 Gymry
1438 4401 1603 4454 werin
1959 4402 2005 4453 Ο
2031 4401 2111 4453 hil
2131 4419 2324 4470 eryt-on

1198 4487 1244 4536 Ο
1266 4486 1549 4555 qamlzwri.
2032 4487 2078 4538 O
2103 4487 2294 4554 Erym‘.
