3150 5242
673 378 794 458 IV'.
836 399 893 455 3.
958 413 1489 458 comunem-roms
1519 394 1996 457 ΒΒίΤΑΝΝιοΑΕ.
2379 392 2503 453 697

180 561 346 637 divit,
373 561 727 625 meditatus
753 566 874 645 est)
900 564 1081 625 Pass.
1116 567 1216 637 11,
1244 568 1270 621 1
1288 609 1301 622 .
1317 584 1459 644 pan
1482 564 1673 626 welas
1697 563 1831 647 esa
1852 582 2094 646 vynnas
2119 564 2292 640 (cum
2315 560 2499 636 vidit,

179 668 494 750 cogitavit)
535 674 643 744 13,
685 675 740 729 1.
782 672 840 729 2.
903 667 1205 730 Formula
1248 689 1290 728 a
1333 668 1457 731 ban
1501 670 1608 749 (ex
1638 690 1786 749 quo,
1824 667 2025 750 quia),
2064 667 2176 750 bys
2192 688 2335 749 pan
2368 667 2504 747 (do-

178 774 342 852 nec):
392 794 482 856 ny
526 769 889 855 strechyaff
913 772 1061 853 pell
1098 793 1139 832 α
1184 772 1306 834 ban
1348 795 1474 856 naq
1506 795 1569 835 es
1602 795 1641 834 a
1671 772 1911 857 wotkye
1943 770 2172 854 theuqh
2189 793 2399 855 parys
2430 792 2504 833 as

174 877 398 960 qurelle
434 877 642 960 ywell
666 880 826 958 (non
858 877 1118 939 tardabo
1147 876 1447 953 multum,
1485 877 1637 958 quia
1664 899 1797 939 non
1828 887 1923 939 est
1952 887 2211 958 paratus
2243 875 2354 957 qui
2386 874 2503 936 sci-

177 993 261 1045 ret
288 982 463 1045 vobis
492 983 707 1044 facere
737 980 993 1062 melius)
1033 987 1174 1057 158,
1216 989 1274 1043 3.
1308 989 1367 1043 4.
1389 1004 1640 1066 peynys
1672 983 1781 1066 bys
1798 1003 1939 1063 pan
1968 1003 2039 1043 ve
2067 1002 2303 1043 marow
2337 982 2505 1060 (cru-

179 1087 358 1149 ciatus
389 1089 601 1148 donec
635 1095 769 1147 erat
797 1090 1113 1167 mortuus)
1150 1091 1208 1162 2,
1247 1094 1279 1147 4
1295 1135 1308 1149 .

326 1191 703 1255 Armorica:
755 1191 828 1252 m'
861 1189 976 1253 koz
1008 1191 1237 1273 desquo
1254 1214 1397 1273 pan
1426 1214 1567 1254 vezo
1586 1201 1740 1273 pret
1768 1192 2156 1273 (docebimus
2187 1212 2321 1265 VOS,
2357 1212 2503 1251 cum

181 1296 282 1359 erit
312 1300 603 1380 tempus)
640 1296 813 1358 Buh.
855 1302 999 1372 112,
1039 1303 1140 1358 19.
1207 1298 1596 1379 Frequenter
1625 1298 1936 1379 particula
1965 1296 2303 1379 singularis
2334 1295 2505 1356 idem

182 1401 497 1483 significat,
540 1403 718 1484 quod
760 1424 932 1464 corn.
970 1423 1012 1463 a
1041 1402 1199 1464 ban.-
1245 1422 1342 1463 me
1369 1402 1478 1486 yel
1501 1424 1646 1464 oren
1665 1425 1807 1484 pan
1839 1401 1949 1484 off
1962 1409 2328 1484 quemennet
2358 1402 2502 1481 (ego

179 1504 267 1568 ibo
293 1508 482 1584 illico,
514 1508 675 1590 quia
704 1529 849 1570 sum
869 1507 1116 1590 jussus)
1141 1506 1312 1569 Buh.
1351 1512 1490 1583 122,
1528 1514 1627 1569 13.
1666 1510 1971 1591 deompny
1989 1528 2131 1587 pan
2162 1507 2322 1589 aedy
2348 1525 2502 1584 par-

180 1612 285 1674 don
328 1616 616 1693 (eamuS‚
668 1613 816 1695 quia
860 1623 957 1675 est
994 1610 1303 1692 remissio)
1339 1616 1451 1688 52,
1495 1619 1595 1673 10.
1637 1619 1736 1673 11.
1802 1614 1928 1674 Pro
1972 1612 2191 1672 eadem
2232 1608 2503 1672 occurrit

179 1715 351 1778 etiam
389 1717 599 1781 forma
641 1717 887 1780 brevior
918 1718 1069 1785 PA:
1120 1716 1258 1777 ioae
1288 1737 1512 1779 ameum
1542 1717 1652 1780 hel
1661 1739 1759 1799 pa
1790 1739 1860 1777 oz
1883 1716 2152 1799 quellaf
2169 1714 2503 1797 (gaudium

180 1821 358 1884 habeo
400 1844 744 1906 magnum,
780 1824 949 1905 quod
993 1842 1101 1882 vos
1143 1820 1354 1903 video)
1391 1828 1533 1897 184,
1574 1827 1677 1884 20.
1724 1821 1818 1884 oll
1852 1843 1936 1904 ny
1979 1820 2111 1883 αἰεί
2141 1868 2154 1883 .
2198 1868 2211 1882 .
2243 1841 2333 1901 pa
2375 1818 2500 1880 hon

177 1927 381 2008 qoulen
427 1930 687 2008 (omnes
735 1949 974 2003 eamuS‚
1025 1926 1173 2008 quia
1217 1948 1333 1988 nos
1370 1926 1582 2008 jubet)
1625 1934 1763 2003 140,
1804 1931 1863 1988 2.
1904 1934 1963 1988 5.
2010 1948 2143 1988 mez
2184 1925 2357 2007 supli
2397 1931 2504 1986 net

183 2030 286 2092 bed
309 2054 389 2094 an
419 2042 637 2095 rector
666 2033 1162 2114 duetpozpeder
1186 2034 1364 2114 (rogo
1399 2043 1482 2108 te,
1518 2032 1667 2094 veni
1690 2035 1770 2095 ad
1793 2043 2118 2109 rectorem,
2149 2031 2300 2114 quia
2322 2028 2501 2111 flagi-

184 2135 346 2211 taris3
380 2159 587 2219 =pa
622 2139 720 2217 oz)
760 2141 899 2214 122,
940 2145 999 2199 7.

331 2245 458 2306 Pro
517 2243 747 2304 eadem
790 2243 1236 2324 conjunctione
1279 2243 1602 2307 causativa
1642 2244 1949 2307 cambrice
1989 2242 2251 2327 ponitur
2295 2242 2496 2303 subst.

184 2349 405 2411 PRYT
431 2349 748 2428 (tempus)
769 2367 782 2407 ε
800 2349 1070 2430 pyderw
1091 2348 1385 2431 yttipryt
1404 2358 1517 2411 nat
1538 2348 1872 2433 atteppych
1893 2372 1935 2433 y
1959 2351 2073 2410 neb
2097 2347 2303 2411 hediw
2322 2345 2504 2426 (quid

174 2445 267 2515 'est
294 2454 427 2529 tibi,
466 2453 645 2536 quod
674 2474 804 2513 non
834 2455 1174 2535 respondes
1206 2454 1396 2516 alicui
1425 2454 1614 2516 hodie
1631 2454 1683 2535 3)
1716 2455 1891 2516 Mab.
1936 2461 1992 2529 1,
2036 2460 2135 2515 18.
2169 2475 2266 2534 pa
2298 2448 2508 2530 uedwl

184 2579 270 2641 yw
298 2560 377 2642 dy
410 2567 511 2621 teu
545 2557 625 2619 di
636 2565 799 2641 pryt
819 2579 905 2619 na
931 2557 1318 2642 bwyttehych
1345 2562 1533 2642 (quae
1557 2570 1654 2623 est
1674 2558 2167 2634 meditatiotibi,
2199 2556 2347 2640 quia
2369 2576 2502 2617 non

184 2663 575 2744 manducas3)
612 2663 788 2724 Mab.
829 2668 888 2738 2,
930 2670 1031 2725 63.
1097 2664 1364 2726 Cornice
1405 2666 1641 2748 legitur
1681 2687 1849 2740 avos,
1897 2686 2064 2726 awos
2110 2665 2223 2744 (=
2262 2664 2496 2725 cambr.

186 2767 512 2849 achaws?)
559 2770 744 2830 Pass.
786 2775 943 2845 155,
984 2775 1043 2830 3.
1086 2776 1237 2844 158,
1278 2775 1338 2844 2,
1376 2779 1440 2831 et
1490 2769 1795 2831 armorice
1848 2771 2112 2832 obscura
2156 2790 2280 2830 vox
2309 2766 2502 2848 pala-

185 2892 377 2934 mour:
423 2882 481 2936 τε
512 2896 661 2936 vezo
677 2896 855 2955 poan
870 2873 1219 2955 palamour
1243 2876 1399 2956 qlcm
1431 2875 1516 2935 da
1545 2878 1695 2937 r'oen
1727 2897 1810 2937 an
1843 2876 1941 2937 bet
1971 2877 2071 2956 (tu
2100 2872 2362 2936 habebis
2393 2872 2501 2934 do·

186 2976 348 3054 loreS,
384 2980 535 3062 quia
567 3000 636 3040 es
667 3001 865 3060 purus
896 3000 1106 3041 coram
1134 3001 1280 3061 rege
1309 2980 1562 3060 mundi)
1597 2980 1768 3041 Buh.
1809 2986 1868 3055 6,
1908 2984 2010 3041 24.

340 3092 397 3146 3.
449 3084 1104 3166 conjunctiones
1162 3106 1363 3166 quae
1423 3095 1617 3147 sunt
1658 3085 2049 3167 primitus
2092 3082 2500 3168 praeposi·

189 3175 464 3253 tiones:
513 3214 574 3266 0,
612 3211 738 3265 am,
788 3210 889 3271 yr,
929 3197 1053 3263 tra,
1103 3188 1254 3272 kyn,
1286 3191 1508 3273 qwedy
1542 3200 1663 3251 etc.
1731 3190 1902 3253 Sunt
1943 3191 2291 3273 plurimum
2335 3210 2503 3251 cam-

188 3293 392 3372 bricae,
428 3318 596 3378 quae
641 3304 894 3358 servant
936 3294 1143 3357 adhuc
1179 3305 1476 3356 naturam
1503 3295 2067 3376 praepositionum,
2105 3295 2159 3358 si
2190 3293 2496 3376 sequitur,

190 3409 254 3459 ut
278 3402 347 3463 fit
375 3402 652 3483 saepiuS‚
689 3399 1046 3462 infinitivus
1076 3400 1273 3462 verbi.
1334 3399 1564 3460 Forma
1593 3399 1854 3462 relativa
1884 3400 2229 3481 particulae
2259 3397 2503 3480 negati-

190 3524 307 3580 vae,
335 3506 387 3567 si
416 3509 618 3582 adest,
649 3505 840 3568 etiam
871 3504 1111 3567 indicat
1140 3505 1444 3567 omissum
1468 3502 1718 3585 saepius
1741 3527 2090 3587 pronomen
2116 3508 2504 3569 demonstra-

191 3606 372 3671 tivum
400 3612 577 3695 hynn
609 3613 700 3693 (p.
742 3612 915 3691 398).
980 3610 1290 3691 Exempla
1320 3609 1548 3670 harum
1580 3609 1869 3672 omnium
1899 3611 2326 3693 praemittam.

342 3716 397 3777 O
432 3727 582 3779 ante
613 3738 944 3791 consonas,
982 3725 1129 3777 ante
1158 3711 1404 3777 vocales
1438 3724 1502 3776 et
1527 3714 1851 3778 interdum
1881 3714 2071 3778 etiam
2102 3726 2251 3778 ante
2281 3734 2500 3776 conso·
2615 3737 2626 3743 “

190 3836 290 3879 nas
319 3819 446 3896 OS,
483 3822 632 3897 OR,
668 3832 743 3883 ut
770 3821 1018 3884 hibern.
1056 3845 1089 3883 o
1120 3820 1486 3903 significans
1516 3819 1630 3882 lat.
1668 3843 1743 3882 ex
1773 3842 1913 3903 qu0,
1949 3822 2057 3882 sed
2089 3818 2401 3883 transiens
2432 3817 2502 3879 in

193 3919 702 4002 significationem
743 3925 1210 4009 conjunctionis
1255 3924 1732 3988 conditionalis:
1783 3925 1954 4009 offoy
2001 3925 2073 3988 di
2112 3925 2390 3987 racdaw.
2434 3921 2516 4005 ef

192 4026 288 4088 ath
326 4030 624 4093 ordiwed.
661 4055 726 4095 os
772 4032 970 4116 arhoy
1009 4030 1225 4094 ditheu
1255 4053 1389 4093 en0.
1428 4029 1570 4093 athi
1593 4054 1681 4114 yn
1712 4031 2069 4094 uarckawc.
2106 4031 2189 4114 ef
2205 4028 2314 4091 ath
2347 4028 2503 4089 eden

190 4149 267 4209 yn
306 4132 609 4219 bedestyr.
646 4160 721 4199 ao
763 4159 882 4220 ony
908 4136 1118 4220 ckeff‘y
1150 4134 1224 4198 di
1248 4158 1371 4219 yno
1404 4137 1564 4220 osui.
1602 4144 1718 4220 nyt
1744 4135 1868 4199 reit
1896 4136 2000 4199 itti
2026 4135 2287 4218 amosyn
2315 4132 2504 4215 qofut

195 4238 429 4319 travych
463 4262 598 4324 vyw
624 4242 703 4322 (si
735 4253 807 4304 tu
838 4242 1005 4325 fugis
1037 4244 1115 4305 ab
1146 4264 1242 4318 e0‚
1272 4241 1406 4324 ipse
1436 4252 1499 4303 te
1527 4241 1763 4317 vincet,
1794 4241 1849 4304 si
1879 4238 2273 4323 exspectabis
2306 4247 2399 4310 tu,
2428 4245 2504 4297 ut

192 4358 385 4421 equeS,
415 4344 550 4427 ipse
581 4355 643 4408 te
674 4346 839 4410 sinet
866 4347 956 4409 ire
985 4348 1285 4430 peditem,
1317 4357 1381 4409 et
1412 4347 1465 4410 si
1489 4370 1619 4408 non
1646 4345 1882 4428 ceperis
1907 4345 1995 4408 ibi
2020 4364 2341 4425 angorem,
2370 4360 2502 4400 non

192 4463 427 4511 necesse
472 4450 587 4514 tibi
616 4473 910 4534 quaerere
940 4455 1017 4516 de
1047 4475 1279 4536 angore
1313 4453 1618 4537 quamdiu
1648 4452 1841 4515 fueris
1873 4450 2084 4530 vivus)
2117 4448 2294 4508 Mab.
2340 4452 2395 4519 1.,
2435 4449 2496 4504 8.
