3150 5242
2676 334 2712 343 .-

668 360 792 421 720
1149 359 1270 423 IV.
1309 365 1369 420 4.
1446 376 2006 421 INTERJECTIONES
2041 377 2514 421 BRITANNICAE.

662 528 923 591 fuissem
951 527 1056 589 hic
1088 526 1393 609 quamdiu
1424 526 1544 608 fui)
1577 535 1633 602 1,
1666 532 1811 589 255.
1847 527 1965 589 Ieu
1994 526 2109 590 heb
2137 528 2485 610 y-peredur
2512 547 2664 610 yma
2685 549 2734 610 y
2767 527 2974 610 bydwn

662 633 817 696 beno
851 635 1069 713 (cert0,
1104 654 1339 707 revera,
1375 632 1588 715 inquit
1619 635 1726 708 Ρ.,
1764 633 1870 694 hic
1907 631 2141 694 erimus
2171 632 2337 696 hanc
2368 634 2649 712 noctem)
2688 637 2747 708 1,
2787 638 2922 694 256.

833 738 1157 800 Particula
1209 738 1468 800 nonnisi
1526 746 1672 819 post
1729 735 2292 818 interrogationem
2345 737 2669 800 affirmans
2724 748 2820 801 est
2868 739 2976 801 Do

664 843 842 925 (ita):
908 843 1145 926 deffroi
1199 865 1392 905 aoruc
1445 841 1676 905 a'rtkur
1731 842 1972 926 aqofyn
2009 842 2378 925 aqysyassei
2417 842 2692 926 hayach.
2742 844 2848 904 Do
2887 865 2978 905 ar-

656 949 877 1033 qlwyd
903 948 1015 1011 heb
1045 969 1127 1032 ψ’
1155 948 1351 1010 owein
1384 949 1601 1032 dalym
1634 947 2060 1029 (erpergefieri
2088 948 2169 1008 A.
2206 958 2270 1011 et
2300 969 2619 1030 quaerere,
2650 969 2736 1009 an
2768 948 2978 1010 dormi-

660 1053 853 1115 visset
906 1053 1327 1135 aliquantum.
1408 1053 1543 1115 Ita!
1605 1053 1858 1115 domine
1875 1100 1895 1128 ,
1945 1050 2159 1133 inquit
2202 1052 2283 1114 O.
2302 1101 2321 1127 ,
2370 1052 2613 1134 aliquid
2666 1053 2977 1135 temporis)

665 1160 840 1221 Mab.
886 1166 939 1233 l,
983 1166 1081 1220 11.
1132 1183 1174 1222 a
1210 1160 1512 1243 ymwelas
1555 1159 1638 1241 ef
1668 1157 1810 1221 athi
1850 1158 1965 1220 heb
2002 1157 2092 1219 hi.
2130 1159 2208 1219 do
2239 1157 2353 1221 heb
2384 1158 2466 1241 ef
2483 1160 2678 1236 (num
2703 1158 2978 1221 convenit

661 1264 796 1346 ipse
829 1274 1060 1340 tecum,
1096 1263 1510 1346 interrogavit
1538 1263 1698 1346 ipsa.
1763 1263 1902 1326 Ita!
1939 1262 2264 1346 respondit
2293 1262 2376 1342 is)
2411 1268 2470 1338 2,
2510 1267 2614 1325 24.

832 1369 1174 1432 Cornice
1219 1380 1282 1432 et
1324 1369 1717 1433 armorice
1760 1368 2126 1450 responderi
2167 1367 2324 1430 item
2366 1369 2555 1430 verbo
2597 1369 2970 1451 praesertim,

664 1496 788 1556 quo
830 1474 1289 1558 interrogatum
1325 1485 1441 1550 est,
1478 1474 1767 1537 iterando
1797 1474 1898 1536 vel
1929 1473 2304 1537 affirmative
2335 1474 2436 1535 vel
2465 1474 2784 1555 negative,
2823 1475 2975 1537 colli-

661 1564 807 1663 gere
850 1580 997 1642 licet
1027 1581 1166 1664 jam
1205 1603 1240 1643 e
1283 1580 1645 1642 memoratis
1690 1590 1755 1642 et
1796 1591 1975 1663 patet
2019 1603 2051 1641 e
2082 1579 2372 1663 pluribus
2405 1579 2735 1662 exempliS,
2773 1581 2977 1648 saltem

664 1686 1005 1748 armoricis,
1074 1688 1243 1750 Sunt
1277 1685 1471 1748 etiam
1501 1685 1842 1748 armoricae
1871 1685 2219 1768 particulae
2248 1684 2690 1767 respondentis
2722 1684 2975 1746 affirma-

664 1790 827 1853 tivae
859 1791 1194 1874 peculiaris
1218 1791 1343 1854 YA
1368 1793 1679 1872 quaedam
1709 1792 2000 1873 exempla
2030 1790 2098 1852 in
2123 1791 2295 1852 Buh.
2321 1814 2334 1852 :
2373 1813 2413 1853 a
2444 1791 2573 1874 huy
2606 1812 2647 1852 a
2682 1791 2849 1853 tocke
2873 1812 2973 1852 noz

665 1897 771 1957 boe
798 1920 863 1979 y.
926 1898 1025 1958 Ya
1058 1897 1278 1960 tizmat
1305 1897 1423 1977 hep
1457 1897 1778 1980 laquat'sy
1813 1899 2001 1977 (num
2031 1918 2141 1958 vos
2163 1895 2484 1979 juraretis,
2523 1897 2694 1977 quod
2723 1916 2851 1957 non
2877 1894 2973 1956 ha-

662 2000 889 2063 buistis
922 2023 1050 2077 ρος,
1087 2002 1457 2083 argenteos?
1518 2003 1652 2064 Ita!
1704 2001 1873 2063 illico
1905 2001 2040 2063 sine
2070 2000 2516 2083 haesitatione)
2556 2007 2701 2077 160,
2743 2009 2799 2062 7.
2848 2022 2886 2062 a
2926 2008 2973 2062 te

665 2105 846 2168 touhe
892 2115 1017 2169 tam
1063 2129 1147 2170 an
1182 2116 1282 2170 tra
1313 2129 1486 2170 man.
1548 2110 1650 2170 Ya
1683 2107 1900 2170 tizmat
1929 2107 2048 2188 hep
2078 2129 2198 2188 nep
2229 2108 2402 2191 affer
2433 2110 2619 2185 (num
2652 2117 2725 2169 tu
2746 2106 2973 2189 jurares

663 2232 875 2273 revera
906 2211 1071 2275 hanc
1100 2213 1269 2277 rem?
1314 2213 1452 2276 Ita!
1503 2212 1722 2274 statim
1753 2211 1889 2275 sine
1919 2212 2133 2294 aliqua
2160 2213 2665 2294 perturbatione)
2703 2218 2841 2287 164,
2881 2216 2969 2271 15.

1191 2452 1277 2513 D.
1343 2452 1831 2515 Particulae
1889 2452 2460 2513 exclamantes,

836 2638 887 2700 C
906 2638 1268 2700 ambrica
1320 2637 1708 2720 frequentior
1758 2637 2113 2720 interjectio
2165 2648 2230 2700 et
2280 2636 2593 2719 particula
2638 2636 2970 2721 appellanS,

663 2743 1006 2823 praemissa
1047 2753 1123 2805 ut
1163 2742 1232 2805 in
1276 2743 1501 2824 lingua
1545 2743 1872 2805 hibernica
1906 2742 2214 2818 vocatiVO,
2251 2745 2333 2818 A,
2369 2744 2524 2818 HA,
2551 2742 2691 2825 jam
2721 2739 2890 2805 adest
2916 2740 2975 2801 in

568 2845 573 2852 ⁴
662 2846 890 2928 glossis
923 2847 1171 2910 Oxon.:
1213 2870 1254 2908 a
1284 2848 1451 2910 mein
1464 2847 1712 2930 funiou
1744 2847 1967 2927 (vittae
2002 2847 2314 2927 tenuesl),
2352 2871 2394 2911 a
2422 2848 2528 2911 hir
2557 2857 2714 2912 etem
2748 2846 2974 2929 (instita

663 2950 960 3032 longal),
998 2950 1083 3012 ha
1126 2950 1496 3014 arcibrenou
1535 2952 1955 3034 (osepultil).
2021 2953 2125 3014 Ita
2165 2963 2228 3014 et
2269 2952 2336 3014 in
2368 2954 2583 3015 Mab.:
2635 2976 2677 3016 a
2719 2954 2968 3024 unbem,

642 3054 748 3117 ‘ka
793 3056 1065 3131 unbenn,
1115 3057 1200 3120 ka
1242 3056 1462 3120 iarlles
1509 3060 1575 3138 (o
1621 3057 1906 3119 domine!
1957 3056 2346 3138 comitissal)
2378 3058 2467 3140 sq.
2515 3080 2556 3120 a
2598 3080 2869 3143 vorwyn,
2903 3055 2974 3118 Ιια

663 3180 917 3244 vorwyn
950 3163 1015 3236 (o
1044 3161 1326 3243 puella!)
1366 3169 1423 3237 1,
1461 3168 1563 3223 28.
1605 3167 1750 3223 293.

833 3266 1191 3329 Particulae
1233 3267 1436 3350 magis
1476 3266 1904 3329 exclamantes
1937 3278 2091 3330 sunt
2119 3267 2308 3331 OCH
2339 3278 2404 3331 et
2434 3268 2553 3343 OI,
2591 3289 2857 3349 quarum
2883 3265 2976 3326 illa

663 3368 1007 3447 interdum,
1044 3372 1198 3442 haec
1230 3395 1475 3455 semper
1503 3372 1933 3455 appellantem
1963 3395 2004 3434 a
2032 3382 2178 3454 post
2207 3395 2273 3435 se
2303 3373 2546 3436 habet.‘

836 3477 1059 3539 OCH:
1115 3478 1228 3540 och
1257 3478 1371 3540 heb
1400 3502 1442 3562 y
1473 3478 1748 3540 riannon
1765 3476 2012 3558 pallam
2042 3479 2245 3562 yrody
2276 3478 2350 3540 di
2376 3479 2540 3542 atteb
2571 3478 2743 3561 uelly
2777 3480 2861 3558 (ο,
2893 3475 2975 3537 in·

667 3582 806 3664 quit
835 3584 949 3657 R.,
987 3603 1100 3645 cur
1136 3581 1246 3643 das
1279 3593 1351 3645 tu
1381 3582 1471 3645 ita
1500 3582 1977 3666 responsionem
1993 3582 2045 3663 ἲ)
2079 3584 2256 3645 Mab.
2298 3590 2357 3658 3,
2395 3589 2499 3644 21.
2552 3583 2782 3646 arthur
2811 3579 2974 3643 awis-

661 3669 857 3769 9awd
878 3688 1217 3770 ymdanaw
1246 3711 1287 3771 y
1318 3696 1507 3771 vynet
1529 3711 1571 3772 y
1601 3710 1854 3771 ymwan
1883 3709 1962 3751 ar
1992 3687 2368 3751 marchawc.
2412 3687 2546 3750 0072
2570 3688 2862 3771 arqlwyd
2878 3683 2976 3746 heb

638 3849 647 3854 ,
664 3815 706 3875 y
739 3791 1116 3874 ywalchmei
1134 3801 1252 3875 ραι
1276 3792 1413 3877 ymi
1438 3803 1624 3877 vynet
1650 3815 1691 3877 y
1721 3815 1971 3877 ymwan
2003 3815 2081 3857 ar
2109 3793 2472 3876 marckawq
2500 3815 2589 3878 yn
2614 3792 2861 3877 yyntaf
2877 3789 2971 3871 (A.

667 3919 733 3958 se
763 3896 976 3959 induit
1005 3895 1211 3959 iturus
1243 3908 1552 3961 certatum
1583 3920 1730 3961 cum
1759 3898 1993 3981 equite.
2059 3898 2281 3961 Heus!
2318 3897 2598 3974 domine,
2633 3897 2843 3980 inquit
2871 3896 2969 3967 G„

665 4002 961 4084 permitte
1004 4000 1163 4088 mihi
1208 4001 1296 4065 ire
1327 4005 1407 4067 ad
1438 4015 1757 4068 certamen
1788 4026 1935 4066 cum
1965 4004 2177 4086 equite
2207 4003 2552 4086 primuml)
2591 4011 2647 4078 1,
2691 4008 2791 4064 24.
2860 3996 2976 4063 och

668 4105 870 4169 ereint
897 4107 1011 4192 lgeb
1044 4107 1125 4190 ef
1140 4129 1215 4169 ae
1247 4108 1369 4174 tide?
1393 4111 1595 4194 yssyd
1617 4131 1768 4194 yma
1793 4110 1978 4192 (heus
2004 4109 2304 4200 Gerenti,
2325 4120 2478 4173 tune
2508 4131 2573 4172 es
2598 4109 2703 4170 hic
2717 4108 2768 4188 3)
2797 4114 2853 4182 2,
2884 4111 2971 4165 54.
3026 4177 3032 4184 ,

668 4213 857 4275 OCH
888 4214 981 4274 A:
1034 4212 1211 4276 erchi
1242 4237 1284 4298 y
1314 4214 1587 4298 vendytk
1619 4216 1929 4279 awnaetk.
1986 4217 2119 4279 Oak
2149 4239 2189 4278 a
2222 4225 2412 4279 truan
2442 4216 2557 4278 heb
2590 4216 2671 4299 ef
2687 4237 2780 4299 ny·
2804 4211 2975 4296 dylyy
3009 4289 3016 4298 ¹

661 4318 873 4402 yaffel
912 4318 1184 4403 bendytk
1225 4323 1508 4400 (poscere
1551 4320 2058 4384 benedictionem
2087 4320 2315 4405 coepit.
2381 4322 2605 4385 Heus!
2652 4320 2860 4394 miser,
2892 4315 2974 4392 in-

670 4422 830 4505 quit,
870 4446 1001 4486 non
1043 4424 1300 4486 mereris
1332 4424 1612 4507 accipere
1631 4426 2175 4514 benedictionem)
2208 4427 2383 4490 Mab.
2428 4433 2485 4504 1,
2525 4431 2671 4488 287.
2723 4425 2832 4489 och
2859 4438 2976 4485 awr
