3150 5242
619 381 990 426 ΛΡΡΕΝΒῙΧ,
1055 382 1388 427 SPECIMEN
1418 383 1671 427 comcls
1703 383 1781 425 111
1794 384 2059 427 mmmm
2092 382 2209 427 ML.
2418 362 2582 424 1065

245 531 553 608 solamen,
590 531 645 595 si
673 532 743 594 in
773 533 985 596 labore
1015 531 1338 595 communi
1368 532 1726 618 intelligam
1754 533 1919 597 mihi
1948 545 2012 599 et
2039 534 2296 598 laudem
2325 543 2389 596 et
2417 531 2583 597 vitu-

240 638 637 723 perationem
670 648 881 703 tecum
910 661 1045 705 esse
1074 662 1498 706 communem.
1548 641 1735 706 Vale.

587 929 1239 994 Commentarius
1284 929 1368 992 in
1413 930 1818 1013 psalmum
1860 930 2232 1014 primum.

414 1112 707 1176 Primum
745 1114 1065 1197 psalmum
1111 1116 1372 1199 quidam
1403 1116 1470 1178 in
1500 1117 1544 1179 J
1546 1139 1654 1180 oas
1684 1138 1895 1200 regem
1926 1116 2169 1179 dictum
2200 1137 2335 1179 esse
2364 1114 2582 1178 volue-

238 1229 421 1295 runt,
458 1219 570 1301 qui
612 1242 649 1283 a
678 1221 906 1305 Jojada
950 1223 1236 1306 principe
1279 1224 1680 1286 sacerdotum
1725 1233 1789 1285 et
1829 1223 2112 1286 nutritus
2154 1234 2251 1285 est
2295 1233 2357 1285 et
2387 1221 2581 1283 inter·

235 1324 404 1388 fecta
436 1325 734 1389 Athalia1
781 1327 849 1390 in
892 1327 1232 1412 imperium
1278 1331 1657 1412 subrogatus
1690 1324 1842 1405 est,²
1886 1351 1959 1392 eo
2000 1323 2211 1411 quod³
2253 1350 2367 1410 per
2396 1347 2584 1388 omne

237 1445 520 1514 tempuS,
556 1432 622 1494 in
670 1456 795 1517 quo
836 1457 873 1497 a
901 1434 1203 1518 pontifice
1234 1436 1521 1498 eruditus
1553 1446 1649 1498 est
1678 1435 1748 1497 in
1778 1435 1918 1517 lege
1949 1433 2075 1509 dei,
2109 1433 2453 1496 meditatus
2485 1442 2583 1493 est

232 1538 536 1601 noctibus
579 1562 650 1602 ac
693 1539 940 1603 diebus,
1007 1543 1134 1605 Sed
1177 1564 1306 1604 non
1340 1538 1661 1605 audiendi’
1676 1551 1828 1605 sunt
1859 1539 1950 1616 hi,
1989 1538 2099 1622 qui
2130 1541 2210 1601 ad
2241 1539 2583 1601 excluden-

234 1646 388 1707 dam
423 1644 814 1726 psalmorum
844 1669 1056 1709 veram
1088 1647 1547 1731 expositionem
1578 1648 1766 1711 falsas
1799 1645 2250 1708 similitudines
2281 1646 2360 1707 ab
2383 1643 2582 1706 histo-

233 1751 327 1813 ria
359 1750 596 1833 petitas
629 1763 943 1815 conantur
971 1753 1292 1841 inducere.
1358 1755 1696 1822 Quomodo
1726 1753 1896 1816 enim
1925 1754 2183 1815 beatum
2213 1751 2411 1813 istum
2440 1771 2583 1833 pro-

234 1856 542 1920 nuntiare
587 1856 942 1941 potuisset*
986 1870 1050 1923 et
1094 1862 1173 1923 ab
1204 1860 1379 1923 omni
1409 1858 1652 1924 errore⁵
1698 1882 1910 1924 amore
1940 1854 2240 1923 virtutis⁶
2272 1857 2576 1930 alienum,

234 1948 362 2027 cui*
387 1963 457 2025 in
503 1985 726 2045 regum
765 1963 943 2027 libris
987 1967 1243 2029 nullum
1288 1967 1727 2030 testimonium
1772 1968 1849 2029 de
1878 1964 2262 2049 perfectione
2293 1961 2582 2046 perhibe·

234 2070 388 2133 tur?
438 2071 519 2131 In
562 2069 792 2151 quibus
837 2070 928 2134 ita
967 2072 1235 2135 dicitur:
1300 2074 1386 2136 Et
1431 2073 1580 2137 fecit
1610 2075 1761 2136 Joas
1794 2084 2039 2135 rectum
2070 2081 2218 2134 ante
2249 2067 2582 2132 dominum

232 2175 810 2268 omnibus-diebuS,
841 2177 1071 2260 quibus
1096 2179 1525 2243 inluminabat
1549 2201 1697 2241 eum
1719 2180 1759 2241 J
1764 2177 1948 2261 oj'ada
1969 2177 2280 2261 pontifex.
2330 2175 2607 2236 vernn:

234 2295 459 2345 tamen
505 2282 585 2344 ab
630 2282 937 2346 excelsis⁷
981 2306 1114 2348 non
1157 2286 1451 2362 recessit,
1504 2284 1714 2348 adhuc
1758 2282 2034 2367 populus
2079 2281 2483 2345 sacrificabat
2511 2279 2581 2341 in

232 2383 567 2451 excelsiS.⁸
633 2388 923 2453 Dicendo
968 2391 1220 2473 itaque,
1274 2392 1570 2455 omnibus
1617 2390 1841 2452 diebus
1887 2389 2120 2472 quibus
2168 2384 2581 2449 inluminavit

232 2517 390 2559 eum
419 2495 461 2556 J
465 2494 647 2577 ojada
686 2495 980 2579 princeps
1026 2498 1422 2560 sacerdotum
1452 2496 1604 2559 fecit
1632 2508 1878 2558 rectum
1909 2506 2056 2558 ante
2088 2493 2444 2568 dominum,
2481 2491 2579 2552 in-

232 2603 434 2678 dicat,
472 2602 642 2685 quod
684 2600 943 2684 reliquis
990 2602 1215 2666 diebus
1259 2614 1546 2667 cessante
1578 2604 1618 2666 J
1623 2603 1843 2687 ojadae
1872 2599 2236 2685 magisterio
2266 2597 2482 2662 fecerit
2513 2595 2579 2661 id

230 2710 410 2793 quod
456 2707 676 2790 primis
708 2706 1266 2772 institutionibus⁹
1307 2701 1570 2773 minime
1601 2709 1990 2773 conveniret.
2055 2708 2357 2769 Refertur
2387 2703 2580 2766 etiam

230 2817 300 2878 in
337 2814 564 2876 iisdem
594 2835 818 2897 regum
847 2813 1046 2891 libris,
1079 2817 1246 2899 quod
1270 2815 1615 2878 Azahelem
1645 2837 1857 2898 regem
1884 2814 2103 2899 Syriae
2134 2815 2212 2876 ab
2242 2812 2578 2894 impugna-

231 2922 411 2985 tione
432 2915 484 2953 ¹⁰
515 2920 925 2983 Hierusalem
954 2922 996 2983 J
1000 2944 1106 2985 oas
1138 2944 1480 2984 munerum
1511 2921 1832 2984 oblatione
1850 2919 1897 2954 ¹¹
1934 2918 2342 2984 submoverit.
2396 2919 2579 2984 Quae

231 3027 500 3111 quidem
539 3026 708 3089 dona
747 3028 823 3089 de
858 3028 1094 3111 templo
1127 3028 1378 3091 sublata
1407 3027 1604 3103 misit,
1641 3049 1802 3110 quae
1832 3027 2009 3110 prius
2041 3026 2263 3110 utique
2296 3026 2412 3087 deo
2445 3034 2578 3086 tam

228 3135 374 3220 ipse
418 3154 610 3216 quam
648 3154 826 3215 reges
868 3133 1063 3208 Juda,
1098 3132 1165 3193 id
1197 3143 1314 3208 est,
1349 3132 1618 3216 majores
1649 3132 1809 3216 ejuS,
1846 3126 2293 3207 obtulerant,¹²
2337 3122 2578 3212 (1110(113

230 3216 529 3308 actumst*
573 3238 854 3301 indicam
901 3239 1002 3302 his
1046 3235 1341 3301 verbi8.¹⁵
1399 3241 1658 3302 Bonum
1701 3249 1798 3303 est
1836 3239 2009 3303 enim
2046 3260 2163 3301 nos
2194 3239 2274 3302 ad
2306 3234 2575 3319 agnitio-

229 3368 387 3411 nem
416 3344 507 3407 rei
535 3355 751 3427 gestae
783 3343 1146 3408 testimonio
1177 3329 1467 3407 lectionis
1499 3347 1827 3408 accedere:
1877 3347 1965 3409 Et
1994 3343 2235 3427 accepit
2260 3342 2303 3403 J
2306 3363 2412 3405 oas
2443 3363 2575 3404 om-

228 3452 346 3515 nia
369 3464 613 3527 sancta,
635 3472 796 3533 quae
820 3451 1242 3514 sanctificavit
1267 3452 1310 3514 J
1311 3451 1582 3534 osaphat
1603 3462 1668 3515 et
1689 3453 1732 3514 J
1734 3473 1909 3515 oram
1931 3463 1995 3514 et
2010 3448 2342 3524 ochozias,
2356 3441 2576 3530 patres

232 3558 375 3642 ejus
407 3577 584 3639 reges
607 3556 650 3618 J
653 3557 802 3633 uda,
833 3567 897 3620 et
927 3568 1147 3619 sancta
1166 3579 1294 3620 sua
1325 3568 1388 3620 et
1418 3580 1608 3621 omne
1639 3580 1891 3635 aurum,
1919 3557 2090 3641 quod
2120 3555 2456 3617 inventum
2480 3562 2578 3614 est

378 3878 501 3948 (Ml.
523 3879 628 3948 14⁸)
682 3883 705 3930 1
740 3897 798 3932 .1.
826 3879 1139 3933 iarnardbiu
1162 3880 1292 3932 imm
1316 3882 1677 3953 banfhthasin
1705 3882 2008 3952 (interfecta
2025 3886 2116 3932 est
2139 3879 2195 3931 in
2221 3877 2368 3948 cod.)
2414 3907 2415 3912 =
2440 3880 2471 3929 2
2512 3894 2571 3929 .1.

229 3967 295 4018 νό
321 3963 542 4016 oirdned
643 3968 672 4017 3
713 3983 771 4026 ,1,
800 3964 956 4017 isairi
986 3966 1102 4018 imo
1135 3967 1483 4036 rogabadsom
1511 3967 1681 4038 hiriqe
1709 3987 1763 4020 .1.
1793 3986 1851 4021 eo
1875 3986 1927 4037 q.
1955 3966 2026 4019 rl.
2076 3964 2257 4017 Aliter
2280 3962 2439 4016 isairi
2458 3961 2574 4014 ineo

228 4050 366 4103 robu
389 4048 717 4101 immaurcide
743 4050 973 4102 cialaiciu
996 4050 1254 4104 insalmsa
1278 4051 1658 4105 dothaisilbiad
1678 4054 1855 4105 dosom
1878 4070 1937 4105 eo
1961 4069 2013 4120 q.
2039 4051 2109 4103 rl.

373 4140 404 4187 4
446 4155 503 4189 .1.
544 4133 714 4188 aircia
749 4135 1118 4188 salmscribdid
1153 4136 1421 4205 conez'qsed
1450 4141 1545 4190 εόη
1695 4143 1724 4190 5
1766 4157 1821 4191 .1.
1862 4136 2079 4191 combad
2110 4137 2329 4188 echtran
2365 4152 2476 4185 som
2506 4134 2573 4186 Ῐιο

235 4220 605 4275 chomrorcain
676 4224 705 4273 6
735 4238 790 4274 ,1.
820 4222 1046 4273 cocarad
1066 4221 1409 4292 chainqm‘mu
1430 4223 1691 4277 dudenum
1766 4228 1793 4275 7
1825 4241 1881 4276 ,1,
1912 4222 2103 4275 Ιιοηαὶὂ
2127 4222 2290 4274 idlaib
2319 4239 2375 4274 .1.
2406 4220 2572 4271 baare

232 4306 563 4361 ishitilchaib
588 4306 773 4359 ardaib
797 4306 988 4359 nobitas
1012 4307 1106 4359 adi
1190 4311 1219 4359 8
1260 4326 1315 4361 .1.
1345 4308 1517 4361 isnaib
1544 4309 1769 4362 telokaib
1857 4312 1888 4361 9
1928 4327 1985 4361 ,1,
2013 4307 2203 4360 donaib
2228 4305 2432 4359 ce'tnaib
2444 4305 2570 4372 sor-

235 4392 421 4447 citcaib
498 4396 558 4444 10
599 4410 654 4445 ,1,
684 4392 925 4462 όηιοραίί
996 4396 1049 4443 11
1098 4411 1153 4444 ,1,
1183 4394 1573 4462 dntersochraic
1650 4398 1709 4447 12
1750 4412 1805 4447 .1.
1834 4394 2148 4447 adrobartat
2221 4397 2279 4446 13
2312 4412 2368 4446 .1.
2397 4389 2573 4444 anisin

239 4484 299 4533 14
341 4497 397 4532 .1.
426 4479 682 4547 ronqnitlz
757 4483 814 4530 15
855 4498 911 4532 .1.
940 4477 1180 4531 asberam
