3150 5242
596 407 714 470 VI.
754 411 810 468 2.
876 425 1321 469 consrnucno
1354 426 1629 472 Ponrch
1664 426 2058 469 mmmmm.
2370 408 2494 466 917

204 575 296 635 sed
329 573 555 636 accedit
597 574 794 637 forma
837 597 1141 640 assonans
1187 579 1405 640 eodem
1449 578 1660 653 mod0,
1699 586 1773 638 ut
1809 574 2205 638 monosticha
2235 576 2488 638 Colum·

202 676 328 740 bani
364 678 633 742 Hiberm‘
673 703 821 743 mox
863 682 1256 765 proferenda,
1307 683 1676 745 hexametro
1725 682 1927 744 latino
1971 680 2345 764 composita,
2394 702 2491 742 as-

201 784 454 848 sonantia
484 784 676 848 etiam
704 797 955 850 vetusta
982 786 1308 850 hibernica
1336 788 1564 851 induta
1595 798 1769 852 sunt.
1824 788 2014 851 Solvo
2037 788 2143 850 hic
2166 786 2491 869 stropham

199 900 434 972 quatuor
474 890 788 955 linearum
833 894 1183 956 secundum
1230 893 1631 957 hibernicum
1668 894 2098 958 collocationis
2128 894 2391 956 modum
2422 891 2490 954 in

196 1017 378 1061 versus
407 997 678 1060 duorum
704 1000 1156 1074 membrorum,
1188 1021 1457 1081 quorum
1487 1002 1753 1083 quodvis
1783 1011 1880 1064 est
1908 1012 2049 1063 octo
2073 1000 2485 1084 syllabarum,

195 1102 343 1179 duos,
389 1115 450 1167 et
488 1105 674 1186 signo
718 1104 1152 1168 assonantiam
1196 1104 1447 1169 lineolis
1493 1107 1562 1169 in
1604 1107 1811 1183 initio,
1863 1106 2063 1169 literis
2108 1104 2373 1168 cursivis
2420 1104 2489 1166 in

195 1208 314 1283 fine,
348 1231 399 1271 e.
431 1231 526 1293 gr.
562 1210 636 1272 in
667 1210 922 1272 exordio
952 1210 1178 1294 hymni
1206 1222 1592 1295 martyrum:

451 1337 717 1392 Aeterna
748 1334 969 1392 Christi
1007 1328 1015 1415 Ι
1052 1355 1296 1392 munera
1330 1329 1350 1417 ΙΙ
1383 1343 1444 1393 et
1483 1330 1490 1417 Ι
1528 1344 1845 1410 martyrum
1873 1336 2161 1405 victorias,

451 1430 457 1513 Ι
493 1438 723 1493 Laudes
752 1437 997 1493 ferentes
1027 1438 1271 1507 debitas,
1314 1432 1334 1518 ΙΙ
1371 1439 1380 1514 Ι
1407 1439 1578 1495 laetis
1610 1457 1882 1495 canamus
1911 1438 2221 1494 mentibus.

450 1533 457 1616 Ι
491 1540 895 1596 Ecclesiarum
923 1539 1224 1614 principes,
1268 1533 1289 1619 ΙΙ
1321 1540 1460 1596 belli
1490 1540 1865 1615 triumphales
1895 1539 2084 1607 duces,

443 1640 738 1698 Coelestis
779 1633 787 1719 Ι
826 1641 992 1697 aulae
1031 1635 1039 1720 Ι
1079 1642 1304 1710 milites,
1347 1635 1366 1722 ΙΙ
1400 1648 1460 1698 et
1488 1661 1625 1698 vera
1664 1635 1671 1722 Ι
1710 1642 1915 1697 mundi
1944 1640 2187 1706 lumina,

392 1748 400 1755 '
449 1745 699 1800 Terrore
728 1742 882 1799 victo
919 1742 935 1817 Ι
971 1744 1189 1800 saeculi
1223 1736 1243 1822 ΙΙ
1314 1736 1322 1823 Ι
1363 1743 1690 1817 spretisque
1720 1743 1926 1818 poenis
1957 1741 2211 1818 corporis

444 1844 660 1902 Mortis
699 1837 706 1924 Ι
749 1863 942 1900 sacrae
974 1845 1318 1919 compendio
1352 1838 1371 1925 ΙΙ
1404 1845 1584 1901 vitam
1614 1846 1845 1902 beatam
1873 1845 2199 1920 possident.

320 1958 597 2021 Nonnisi
651 1957 1086 2039 monosyllaba
1139 1957 1503 2022 assonantia
1553 1958 1790 2035 finalis,
1842 1980 2040 2041 eaque
2090 1957 2369 2022 lateralis
2423 1969 2486 2020 et

176 2060 424 2144 dispersa
464 2074 746 2139 tantum,
783 2063 891 2125 vix
935 2063 1384 2146 contraposita,
1421 2064 1657 2147 legitur
1700 2064 1768 2127 in
1816 2065 1935 2127 hoc
1965 2064 2204 2148 hymno
2237 2065 2485 2144 (octavo

173 2166 435 2232 editionis
469 2170 717 2232 Bened.
750 2173 809 2244 2,
844 2191 911 2252 p.
948 2172 1161 2250 1222),
1200 2171 1309 2232 sed
1330 2169 1469 2253 jam
1497 2170 1809 2255 bisyllaba
1838 2170 2028 2233 etiam
2057 2160 2129 2231 in
2161 2170 2484 2251 sequentis

172 2274 303 2335 noni
330 2276 617 2340 exordio:

317 2376 325 2461 Ι
361 2386 578 2441 Somno
602 2382 843 2440 refectis
874 2383 1111 2438 artubus
1143 2377 1164 2463 ΙΙ
1201 2379 1207 2461 Ι
1237 2391 1431 2458 spreto
1463 2374 1642 2440 cubili
1679 2382 1690 2457 Ι
1730 2384 2036 2459 surgimus,

315 2486 520 2554 Nobis,
570 2481 580 2565 Ι
618 2490 804 2560 pater,
844 2485 1180 2541 canentibus
1214 2480 1233 2564 ΙΙ
1268 2487 1471 2542 adesse
1503 2492 1560 2543 te
1592 2480 2015 2564 delposcimz'cs.

319 2580 326 2664 Ι
359 2587 444 2643 Te
472 2586 680 2661 lingua
707 2585 960 2661 primum
990 2587 1275 2657 concinat,
1318 2582 1338 2669 ΙΙ
1408 2586 1418 2661 Ι
1457 2595 1514 2646 te
1544 2588 1759 2645 mentis
1801 2583 1808 2669 Ι
1848 2591 2017 2647 ardor
2055 2591 2064 2667 Ι
2103 2591 2338 2661 ambiat,

318 2691 400 2745 Ut
428 2694 670 2746 actuum
708 2682 719 2768 Ι
757 2687 1127 2761 sequentium
1159 2682 1180 2769 ΙΙ
1213 2697 1299 2759 tu,
1346 2688 1356 2765 Ι
1397 2697 1615 2759 sancte,
1659 2691 1738 2748 sis
1771 2692 2092 2750 exordium.

168 2871 224 2924 In
243 2876 481 2945 ampliori
506 2875 730 2929 distichi
754 2876 841 2929 vel
866 2876 1096 2929 duorum
1113 2876 1549 2931 hexametrorum
1568 2879 1776 2931 ambitu
1796 2882 2106 2934 assonantia
2124 2882 2348 2935 initialis
2368 2883 2486 2953 qui-

169 2956 273 3011 dem
305 2961 393 3014 vix
426 2980 541 3015 non
579 2962 750 3025 adest,
792 2978 914 3013 cum
949 2962 997 3013 si
1031 2979 1142 3013 non
1176 2962 1378 3015 adsunt
1417 2963 1525 3015 duo
1555 2963 1642 3016 vel
1666 2965 1771 3017 tria
1794 2966 2058 3019 vocabula
2080 2968 2393 3038 incipientia
2416 2969 2485 3022 ab

168 3044 332 3098 eadem
366 3064 622 3110 consona,
652 3046 840 3099 adesse
875 3053 1055 3099 tamen
1093 3047 1303 3117 possint
1337 3048 1564 3100 totidem
1590 3066 1622 3100 a
1647 3049 1925 3103 vocalibus
1950 3051 2292 3118 inchoantia3
2324 3073 2486 3124 quae-

164 3126 286 3182 ritur
318 3137 515 3197 tamen,
549 3130 731 3183 nonn'e
756 3130 963 3183 classici
989 3134 1179 3200 poetae
1201 3131 1358 3184 latini
1382 3132 1673 3199 interdum,
1704 3135 1859 3204 gnari
1882 3143 2182 3190 structurae
2206 3137 2353 3192 illius
2379 3140 2484 3193 cel-

166 3211 302 3281 ticae,
330 3218 580 3271 consulto
606 3234 722 3269 eam
746 3215 1086 3285 frequentius
1109 3217 1406 3286 posuerint,
1437 3236 1484 3271 e.
1515 3237 1598 3288 gr.
1628 3220 1857 3275 Ovidius
1883 3222 1938 3274 in
1965 3223 2152 3275 Amor.
2186 3226 2232 3286 1,
2258 3228 2307 3277 5.
2339 3227 2386 3276 1.
2413 3228 2442 3277 2
2467 3246 2479 3278 =

468 3304 677 3356 Aestus
702 3308 833 3366 erat,
869 3301 879 3370 Ι
907 3300 1248 3370 mediamque
1274 3302 1389 3356 dies
1414 3311 1671 3373 exegerat
1695 3306 1900 3371 horam,

558 3387 808 3458 Apposui
837 3389 846 3454 Ι
875 3385 1056 3439 medio
1087 3389 1095 3455 Ι
1124 3388 1366 3441 membra
1387 3389 1618 3444 levanda
1642 3398 1782 3443 toro·

285 3473 356 3525 Et
376 3473 584 3527 ibidem
608 3476 658 3525 9.
692 3475 783 3526 102

468 3558 616 3612 Ecce
644 3558 903 3630 {Corinna
927 3557 1094 3622 venit,
1123 3559 1309 3612 tunica
1332 3559 1509 3613 velata
1530 3577 1589 3613 re
1605 3559 1612 3631 Ι
1629 3560 1821 3627 cincta,

557 3638 567 3708 Ι
599 3644 844 3697 Candida
867 3644 1090 3697 dividua
1119 3647 1126 3710 Ι
1158 3645 1298 3698 colla
1321 3651 1541 3714 tegente
1571 3652 1580 3713 Ι
1612 3662 1784 3699 coma.

280 3726 375 3781 Vel
398 3729 655 3782 Lucanus
680 3728 737 3781 in
762 3728 985 3781 exordio
1008 3729 1347 3785 Pharsaliam

469 3813 628 3866 Bella
650 3831 747 3883 per
770 3814 1055 3868 Emathios
1079 3816 1201 3886 plus
1226 3835 1388 3886 quam
1418 3820 1427 3880 Ι
1459 3816 1640 3871 civilia
1669 3817 1677 3885 Ι
1710 3834 1926 3888 campos

465 3899 502 3953 J
504 3916 677 3969 usque
702 3901 891 3953 datum
915 3901 1104 3954 sceleri
1133 3904 1144 3970 Ι
1175 3901 1435 3966 canimus,
1471 3903 1480 3968 Ι
1511 3903 1884 3974 populumque
1914 3908 2231 3976 1·pooenoem

469 3985 539 4037 In
563 4001 662 4036 sua
691 3986 699 4051 Ι
730 3985 937 4039 victrici
963 3985 1319 4057 coniversum
1350 3996 1357 4041 ι
1389 3988 1595 4041 viscera
1619 3990 1827 4053 dextra,
2177 3975 2180 3978 Δ

469 4068 852 4140 Cognatasque
877 4071 1035 4136 acie8‚
1066 4062 1121 4124 et
1150 4074 1158 4142 Ι
1189 4081 1350 4143 rupto
1375 4073 1593 4127 foedere
1625 4083 1632 4133 Ι
1663 4074 1818 4144 regni

475 4154 481 4222 Ι
507 4155 783 4208 Certatum
808 4156 940 4209 totis
969 4158 979 4223 Ι
1011 4175 1110 4210 con
1127 4157 1134 4229 Ι
1152 4158 1295 4211 cussi
1319 4156 1525 4211 viribus
1551 4159 1698 4211 orbis

469 4239 538 4291 In
569 4242 579 4307 Ι
611 4257 895 4294 commune
918 4242 1087 4307 nefas,
1118 4243 1436 4313 infestisque
1461 4243 1624 4297 obvia
1653 4246 1661 4313 Ι
1693 4244 1864 4315 signis

477 4330 486 4387 Ι
517 4324 702 4394 Signa,
732 4342 887 4396 pares
913 4327 1121 4397 aquilas
1146 4336 1201 4381 et
1230 4328 1239 4397 Ι
1269 4328 1381 4398 pila
1402 4329 1669 4382 minantia
1698 4331 1707 4398 Ι
1739 4331 1881 4402 pilis.

161 4399 442 4498 Exordium
481 4417 536 4463 et
570 4410 732 4463 finem
767 4411 1018 4466 carminis
1043 4416 1234 4483 poetae
1260 4421 1370 4467 tam
1394 4414 1659 4468 hibernici
1686 4433 1846 4485 quam
1873 4418 2126 4472 cambrici
2152 4421 2351 4474 vetusti
2375 4440 2484 4475 ma-

163 4502 234 4555 gls
257 4508 511 4549 exornare
534 4503 735 4550 amant.
