3150 5242
612 363 686 425 V.
728 369 753 421 Ῑ
773 411 786 424 .
865 381 1240 425 DERIVATIO·
1262 379 1679 424 BRITANNICA
1710 379 2166 428 LIQUIDARUM.
2447 357 2569 418 797

230 534 532 608 (terebra3
572 533 799 595 cambr.
842 533 994 594 hod.
1033 533 1302 616 taradyr
1331 533 1561 613 masc.)
1592 531 1680 614 gl.
1718 530 1933 593 Oxon.
1973 532 2229 613 Leg.·2.
2265 536 2322 590 1.
2355 537 2416 590 4.
2439 549 2570 609 pa-

229 639 432 712 ladar,
453 638 750 723 paladyr
781 637 1022 719 (hasta)
1055 639 1211 720 Leg.
1252 643 1312 699 2.
1355 641 1412 699 1.
1450 643 1552 699 65.
1592 637 1769 698 Μ31).
1800 636 1890 719 sq.
1957 639 2156 699 Porro
2185 658 2332 698 cum
2360 634 2570 697 vocali

224 745 528 826 producta
558 743 630 805 in
659 745 894 807 cambr.
925 743 1395 827 amberawdyr,
1425 751 1816 805 transsumto
1843 743 1954 804 lat.
1986 741 2354 822 imperator,
2374 740 2569 823 juxta

226 851 383 932 quod
426 860 650 911 tamen
693 851 1066 932 ponendum
1114 859 1211 911 est
1239 849 1656 911 vernaculum
1689 849 2065 932 llywawdyr
2096 850 2561 931 (gubernator).

383 954 666 1018 Cornica
723 955 1091 1036 hujusmodi
1149 954 1344 1017 etiam
1400 963 1744 1017 occurrunt
1795 953 1864 1014 in
1917 955 2198 1018 Vocab.:
2244 952 2567 1036 piscadur

225 1060 572 1144 (piscator),
611 1061 924 1143 ruq'fadur
954 1063 1219 1141 (remex,
1255 1062 1506 1141 nauta),
1545 1061 1860 1121 cuscadur
1891 1060 2273 1141 (dormitor),
2310 1082 2567 1123 concor-

223 1166 430 1228 dantia
481 1187 640 1227 cum
689 1166 1013 1229 hodiernis
1068 1168 1304 1229 cambr.
1349 1167 1684 1247 pascadur
1714 1165 2171 1248 (pabulator),
2215 1168 2568 1248 pennadur

224 1271 593 1353 (princeps).
676 1271 1080 1334 Armoricum
1133 1294 1319 1354 porro
1380 1271 1747 1354 exemplum
1794 1270 2046 1333 videtur
2073 1274 2407 1353 penedour
2447 1274 2567 1347 (af-

222 1377 493 1440 flictione
534 1388 878 1460 gravatus:
931 1377 1189 1441 castizet
1231 1377 1317 1439 ka
1368 1377 1523 1462 loffr
1565 1377 1847 1440 meurbet
1875 1376 1961 1440 ha
1993 1380 2353 1460 penedour)
2384 1378 2559 1440 Buh.

228 1490 358 1560 196,
398 1489 504 1546 21.

381 1589 725 1653 Armorica
747 1600 967 1653 contra
989 1590 1114 1653 alia
1137 1590 1535 1654 substantiva
1558 1590 1918 1653 desinentia
1941 1590 2010 1651 in
2034 1591 2230 1652 -adur
2253 1590 2568 1652 abstracta

220 1706 363 1758 sunt
414 1717 449 1758 e
494 1695 713 1759 verbis
756 1696 1059 1772 formata,
1110 1696 1202 1759 ita
1243 1707 1319 1759 ut
1361 1697 1517 1759 haec
1563 1697 1927 1759 terminatio
1972 1718 2007 1758 e
2050 1697 2164 1758 lat.
2211 1707 2275 1758 et
2314 1717 2559 1758 roman.

222 1811 450 1879 -atura,
490 1811 701 1880 -tura,
740 1803 933 1866 -iture
963 1813 1100 1865 orta
1129 1803 1329 1866 videri
1356 1801 1580 1886 possit,
1611 1824 1667 1864 e.
1695 1824 1791 1884 gr.
1828 1803 1897 1864 in
1929 1802 2058 1864 his:
2082 1801 2401 1884 plae‘qadur
2431 1804 2566 1880 (vo-

217 1907 445 1985 luntas,
483 1908 999 1991 beneplacitum)
1032 1909 1205 1971 Buh.
1244 1915 1348 1985 40,
1390 1916 1447 1970 1.
1486 1915 1591 1985 48,
1631 1913 1733 1970 23.
1771 1910 2066 1971 croeadur
2096 1910 2431 1988 (creatura,
2469 1907 2564 1968 in-

219 2012 376 2094 fans)
411 2019 518 2090 48,
563 2019 675 2075 24.
719 2020 863 2090 100,
904 2019 1006 2076 20.
1051 2020 1194 2091 102,
1235 2023 1294 2076 7.
1361 2015 1693 2077 Hodierna
1722 2014 1814 2076 ita
1845 2013 2183 2076 terminata
2210 2014 2564 2076 masculina

219 2130 380 2195 sunt,
421 2132 498 2181 ut
531 2119 892 2183 breinadur
922 2121 1285 2202 (putredo),
1313 2120 1708 2204 qwaskadur
1740 2118 2212 2202 (compressio),
2256 2130 2320 2181 et
2349 2119 2565 2181 addita

219 2247 305 2286 -ez
335 2229 447 2308 (=
489 2227 741 2289 cambr.
793 2225 993 2306 aeth)
1023 2227 1193 2287 fiunt
1231 2225 1562 2302 feminina,
1614 2247 1670 2287 e.
1705 2248 1802 2308 gr.
1855 2226 2248 2288 deskadurez
2280 2224 2564 2306 (institu-

219 2330 349 2415 tio),
386 2334 786 2395 berroedurez
818 2330 1201 2412 (breviatio).

382 2437 743 2511 Quaeritur
785 2437 971 2513 inde,
1022 2458 1239 2499 nonne
1282 2457 1357 2498 ea
1397 2437 1760 2500 terminatio
1803 2438 1887 2501 sit
1930 2437 2171 2500 variata
2211 2440 2565 2500 secundum

224 2544 606 2607 romanicam
653 2565 689 2605 e
733 2542 1045 2604 cambrica
1088 2551 1152 2604 et
1193 2541 1500 2604 armorica
1541 2542 1867 2625 primitiva
1907 2544 2087 2606 TER
2103 2591 2123 2619 ,
2171 2544 2357 2605 DER
2373 2591 2394 2619 ,
2442 2544 2566 2605 for-

224 2660 426 2711 mante
473 2652 799 2713 abstracta
840 2649 997 2711 item
1040 2647 1416 2724 masculina,
1451 2670 1585 2710 non
1625 2672 1659 2711 e
1703 2649 1907 2712 verbis
1953 2650 2233 2732 quidem,
2281 2661 2566 2712 attamen

228 2774 299 2815 ex
328 2755 684 2837 adjectivis.
754 2754 1088 2817 Cambrica
1118 2752 1441 2834 exempla:
1481 2754 1727 2817 coehter
1759 2756 2077 2834 (rubedo),
2107 2756 2416 2839 ywynder
2446 2756 2563 2835 (al-

226 2859 400 2942 bedo)
434 2862 617 2923 Mab.
665 2867 721 2936 1,
762 2865 907 2921 257.
952 2860 1240 2923 iawnder
1271 2860 1612 2941 (aequitas)
1649 2866 1709 2935 2,
1750 2865 1852 2922 21.
1904 2860 2303 2944 kyflawnder
2334 2859 2565 2943 (pleni-

229 2965 399 3047 tudo)
427 2971 487 3043 2,
521 2972 631 3027 33.
672 2965 920 3028 blinder
943 2965 1287 3048 (fatigatio)
1316 2969 1375 3041 2,
1413 2972 1512 3026 19.
1551 2967 1876 3049 doqynder
1901 2965 2340 3047 (sufficientia)
2370 2972 2429 3041 2,
2455 2971 2559 3027 27.

231 3075 326 3132 40.
361 3071 673 3144 balchder
703 3071 1055 3154 (superbia)
1090 3076 1151 3147 2,
1193 3079 1251 3132 7.
1287 3070 1579 3154 amylder
1610 3070 1935 3151 (varietas)
1971 3075 2031 3146 2,
2073 3075 2175 3131 20.
2217 3076 2319 3131 27.
2363 3093 2564 3155 cyme-

233 3176 476 3239 droldm·
507 3177 940 3260 (vicissitudo)
976 3182 1036 3252 2,
1077 3181 1138 3237 8.
1171 3180 1274 3236 32.
1340 3177 1460 3238 Est
1499 3174 1693 3258 hujus
1735 3175 1928 3237 etiam
1960 3174 2222 3237 variatio
2253 3176 2565 3238 cambrica

232 3281 428 3344 TRA:
459 3282 908 3367 esmwythder,
937 3280 1362 3365 esmwythdra
1388 3280 1693 3362 (luxuria,
1722 3280 1993 3362 laetitia)
2019 3282 2198 3343 Mab.
2225 3286 2285 3357 2,
2321 3286 2422 3342 32.
2456 3288 2558 3343 34.

229 3387 564 3473 ρωῃοῆάνᾳ
615 3388 1015 3469 (strenuitas)
1050 3393 1120 3463 2,
1161 3393 1264 3447 66.
1323 3386 1696 3470 ekouyndra
1743 3384 2127 3466 (intrepidus
2181 3386 2463 3469 animus)
2500 3394 2532 3449 3
2539 3429 2561 3463 ,-

240 3496 369 3554 153.
433 3494 536 3556 Ob
584 3494 788 3555 subst.
838 3515 1064 3554 armor.
1118 3501 1220 3556 tra
1260 3494 1414 3573 (res)
1463 3489 1810 3573 quaeritur,
1864 3487 2080 3553 annon
2124 3492 2325 3573 possit
2368 3492 2565 3554 statui

235 3599 620 3679 compositiO,
656 3620 789 3660 non
821 3598 1028 3660 solum
1056 3598 1127 3660 in
1157 3597 1281 3673 his,
1318 3599 1428 3659 sed
1459 3596 1653 3659 etiam
1681 3595 1751 3655 in
1781 3594 1908 3657 illis
1939 3597 2287 3659 vocabulis.

392 3704 701 3783 Cornica:
756 3705 1062 3786 ywander
1107 3703 1479 3785 (debilitas)
1524 3703 1707 3763 Pass.
1747 3706 1862 3776 68,
1904 3707 1962 3762 3.
2007 3707 2160 3776 171,
2202 3708 2259 3763 3.
2305 3708 2458 3778 173,
2496 3709 2558 3763 4.

239 3812 487 3887 tunder,
544 3810 787 3873 tomder
817 3808 1040 3890 (calor)
1072 3810 1313 3873 Vocab.
1352 3810 1532 3870 Pass,
1574 3812 1677 3880 58,
1717 3812 1777 3867 3.
1842 3808 2094 3868 Armor.
2145 3806 2368 3869 hirder
2399 3807 2564 3889 (lon-

236 3913 472 3998 gitudo)
504 3914 679 3977 Buh.
723 3917 823 3989 12,
866 3921 965 3974 17.

396 4025 454 4104 0)
502 4022 671 4084 Cum
711 4018 1034 4081 vocalibus
1076 4018 1400 4101 productis
1433 4007 1779 4079 derivantis
1811 4038 1847 4078 r
1875 4017 2147 4079 formula
2176 4016 2565 4098 frequentior

239 4136 327 4187 est
352 4104 475 4189 AR
505 4127 577 4188 in
608 4122 1026 4188 substantivis
1055 4123 1303 4206 generis
1334 4121 1677 4184 masculini
1705 4122 2048 4203 plurimam
2075 4134 2343 4204 partem.
2414 4141 2415 4146 ¹

396 4229 728 4294 Cambrica
771 4228 1095 4311 exempla:
1157 4229 1405 4291 callam
1448 4228 1626 4309 (h‘od.
1679 4228 1944 4290 callawr
1962 4274 1981 4302 ,
2030 4228 2199 4309 plur.
2249 4227 2559 4304 callorau,

238 4353 448 4412 maso„
486 4338 597 4398 sed
634 4335 781 4398 fem.
819 4354 1047 4397 armor.
1083 4334 1232 4396 hod.
1274 4334 1511 4408 kacter,
1549 4333 1640 4416 pl.
1679 4333 1832 4408 -iou,
1869 4345 1934 4396 et
1963 4334 2099 4416 jam
2130 4331 2423 4395 caldaria
2455 4355 2559 4414 ap.

242 4436 426 4520 Greg.
477 4442 634 4502 Tur.
671 4442 748 4502 de
789 4440 951 4522 glor.
1001 4439 1169 4501 conf.
1207 4461 1263 4501 0.
1303 4445 1407 4513 98,
1459 4438 1595 4500 ital.
1646 4438 1944 4518 ealdcy‘a,
1992 4438 2145 4520 gall.
2184 4437 2333 4499 hod.
2372 4436 2565 4500 chau-
