3150 5242
702 407 823 469 IV.
864 412 922 467 2.
988 424 1549 469 PRAEPOSITIONES
1583 425 2060 469 BRITANNICAE.
2428 405 2545 466 631

191 571 443 656 fflwyn
490 594 573 656 vy
623 573 847 636 march
878 571 1138 653 (indidit
1182 593 1371 655 eques
1416 574 1667 656 lignum
1706 574 1925 638 hastae
1972 595 2123 637 suae
2154 595 2266 657 per
2294 573 2547 639 frenum
2637 609 2645 619 ·

204 678 347 760 equi
375 677 537 757 mei)
581 685 645 753 1,
687 685 788 739 10.

367 783 883 864 Praepositionis
928 784 1121 866 hujus
1164 784 1555 846 consociatae
1596 806 1744 846 cum
1783 783 2264 866 pronominibus
2295 783 2542 847 suffixis

205 888 497 969 exempla
520 886 766 949 rariora
789 898 961 950 sunt.
1004 889 1085 951 In
1108 888 1255 951 libri
1269 889 1701 952 Landavensis
1726 887 2253 971 descriptionibus
2275 888 2536 951 finium:

208 995 297 1056 bet
332 992 623 1076 qebenni
669 992 789 1054 trio
836 992 908 1055 di
945 1014 1099 1073 aper
1140 1001 1302 1057 nant
1338 1015 1525 1056 maur
1570 997 1799 1077 (usque
1843 994 1924 1055 ad
1968 993 2053 1056 G.
2103 993 2393 1069 fluvium,
2428 1015 2542 1075 per

207 1119 345 1159 eum
388 1099 473 1159 ad
504 1119 581 1159 os
615 1097 802 1159 vallis
831 1100 1124 1179 magnae)
1163 1106 1305 1160 116.
1351 1099 1458 1161 dir
1486 1100 1664 1163 main
1698 1099 1918 1162 tillauo
1948 1098 2054 1161 dir
2082 1119 2231 1160 oruc
2262 1099 2367 1161 dir
2396 1120 2544 1161 cruc

209 1204 375 1266 arall
414 1200 730 1286 dimynui
763 1202 1072 1284 mymcqui
1112 1202 1278 1264 truio
1298 1190 1381 1265 di
1407 1225 1562 1286 aper
1590 1213 1750 1267 nant
1777 1224 1916 1266 cum
1947 1202 2216 1267 cinreith
2247 1204 2355 1283 (ad
2384 1203 2540 1285 lapi·
2601 1218 2610 1228 ·

207 1310 341 1369 dem
372 1309 483 1383 Τ.,
526 1309 616 1369 ad
663 1307 908 1380 collem,
944 1308 1023 1368 ad
1064 1307 1262 1369 alium
1294 1308 1540 1384 collem,
1577 1311 1658 1371 ad
1691 1310 1785 1370 M.
1821 1309 2051 1383 rivum,
2087 1329 2199 1389 per
2227 1330 2395 1384 eum,
2430 1330 2544 1391 per

211 1414 296 1474 M.
331 1414 413 1474 ad
459 1434 534 1474 os
584 1411 773 1474 vallis
804 1412 878 1472 C.
916 1412 1024 1492 C.)
1065 1419 1205 1473 187.
1272 1414 1497 1477 Forma
1535 1424 1722 1476 aucta
1756 1415 1966 1497 trwyd
1991 1414 2059 1474 in
2089 1415 2303 1476 Mab.:
2355 1414 2572 1476 uchot,

146 1586 151 1593 ¹
204 1538 325 1600 yny
369 1517 610 1601 debyck
654 1537 735 1600 yr
775 1518 917 1578 koet
955 1539 997 1599 y
1043 1516 1328 1580 daetkost
1371 1520 1673 1602 trwydaw
1705 1521 1984 1598 (sursum
2024 1519 2223 1579 donec
2253 1517 2429 1580 venis
2461 1519 2541 1580 ad

209 1621 423 1683 silvam
464 1645 588 1704 per
637 1643 829 1704 quam
875 1621 1130 1701 venisti)
1171 1629 1225 1697 1,
1267 1630 1325 1683 6.
1373 1622 1425 1685 ti
1452 1625 1738 1706 awydost
1765 1623 2108 1707 kynnedff
2121 1644 2202 1706 ψ·
2231 1645 2417 1685 auon.
2454 1644 2538 1705 ny

209 1725 313 1787 eill
337 1728 453 1789 neb
488 1735 689 1811 vynet
716 1727 971 1811 drwydi
991 1729 1092 1808 (tu
1123 1727 1242 1789 scis
1274 1726 1563 1790 habitum
1593 1727 1794 1802 fluvii,
1823 1750 2008 1790 nemo
2038 1738 2247 1811 potest
2279 1727 2542 1789 transire

208 1852 311 1912 per
340 1854 529 1905 eum3
569 1853 764 1905 auom,
802 1830 981 1912 fem.)
1017 1838 1075 1906 3,
1115 1837 1217 1892 94.

372 1936 737 1999 Cornica
780 1946 844 1997 et
887 1936 1275 1998 armorica
1318 1936 1640 2018 primitiva
1667 1936 1867 1998 forma
1896 1936 2074 1998 TRE
2104 1936 2172 1998 in
2197 1936 2542 1999 recentiore

211 2038 424 2120 lingua
459 2041 607 2123 jam
657 2061 902 2121 semper
941 2052 1038 2102 est
1081 2042 1288 2103 DRE.
1347 2041 1676 2103 Vetustior
1720 2062 1946 2103 armor.
1999 2050 2124 2117 tre,
2173 2041 2538 2123 significans

217 2154 420 2206 tamen
468 2132 733 2207 hibern.
788 2154 888 2207 tar
935 2147 1190 2225 (trans),
1228 2155 1435 2206 exstat
1476 2146 1545 2206 in
1588 2146 1846 2207 nomine
1885 2145 2160 2228 regionis
2201 2144 2539 2208 armoricae

213 2247 586 2311 Poutreooet
631 2248 700 2311 in
731 2249 1111 2310 chartulario
1141 2249 1577 2325 Rhedonensl,
1615 2272 1775 2332 quae
1809 2249 1879 2311 in
1909 2251 2127 2312 eodem
2159 2250 2356 2313 latine
2387 2250 2540 2312 dici-

219 2360 542 2436 turpayus
580 2361 760 2416 trans
788 2352 1013 2415 silvam
1046 2353 1153 2433 (cf.
1189 2375 1254 2435 p.
1299 2359 1468 2436 159).

374 2458 657 2520 Cornica
701 2458 991 2540 exempla
1020 2480 1054 2519 e
1087 2459 1306 2519 Ρειεε..
1358 2459 1471 2520 dre
1509 2458 1719 2541 qlethe
1761 2482 1802 2521 a
1846 2406 2081 2544 veuqhe
2125 2460 2239 2521 dre
2262 2459 2470 2542 qlethe
2498 2483 2539 2543 y

203 2559 354 2643 syth
392 2560 603 2647 letkys
648 2561 884 2644 <gladio
929 2561 1040 2644 qui
1081 2571 1403 2644 grassatur
1440 2562 1653 2645 gladio
1695 2564 2040 2645 occidetur)
2078 2569 2189 2640 72,
2231 2570 2289 2625 2.
2342 2566 2456 2627 dre
2498 2587 2539 2648 y

217 2665 441 2749 skyans
474 2669 655 2730 bras,
687 2668 799 2729 dre
825 2689 867 2749 y
901 2667 1169 2730 thadder
1200 2671 1339 2750 (per
1370 2669 1700 2732 scientiam
1731 2692 1911 2733 suam
1941 2692 2261 2752 magnam,
2291 2691 2402 2752 per
2433 2671 2539 2731 bo-

219 2768 475 2832 nitatem
521 2774 738 2852 suam)
777 2778 809 2832 3
830 2819 849 2846 ,
890 2776 948 2833 2.
988 2778 1047 2833 3.
1124 2773 1390 2855 Legitur
1431 2785 1582 2837 ante
1625 2775 1967 2837 articulum
2008 2774 2076 2836 in
2119 2776 2338 2836 eodem
2380 2774 2541 2836 libro

220 2874 399 2936 etiam
442 2876 653 2938 forma
695 2885 882 2937 aucta
926 2876 1060 2939 dri-s·
1093 2877 1200 2955 (cf.
1237 2877 1403 2940 infra
1449 2887 1606 2954 trus,
1644 2880 1808 2960 dria)
1840 2878 2008 2941 idem
2051 2878 2451 2961 significans:
2498 2901 2540 2962 y

208 2979 334 3056 pub
374 2981 592 3063 dyller
634 2979 770 3041 dria
815 3003 900 3042 an
944 3002 1051 3043 vro
1083 2981 1179 3060 (in
1210 2982 1431 3063 quovis
1461 2984 1600 3045 loco
1629 3006 1742 3066 per
1771 2987 2029 3065 terram)
2065 2989 2209 3058 250,
2250 2988 2308 3044 2.
2359 2992 2543 3067 notye

224 3082 363 3164 drys
406 3107 490 3147 an
536 3084 702 3146 wlas
734 3084 1084 3163 (notificare
1124 3107 1238 3167 per
1280 3087 1631 3168 regionem)
1667 3094 1812 3164 249,
1854 3095 1911 3149 3.
1958 3088 2096 3151 dris
2119 3110 2225 3150 an
2273 3088 2382 3169 bys
2428 3087 2535 3148 oll.

223 3185 348 3248 dris
379 3188 472 3250 oll
496 3211 590 3250 an
621 3188 732 3271 bys
764 3191 902 3271 (per
930 3211 1185 3251 omnem
1213 3192 1556 3271 mundum)
1593 3198 1694 3267 31,
1735 3196 1794 3253 2.
1834 3196 1980 3266 200,
2020 3197 2080 3252 2.

380 3293 548 3355 Cum
584 3292 1063 3375 pronominibus
1096 3284 1343 3355 suffis
1366 3294 1674 3357 formulae
1698 3297 2038 3376 quaedam:
2079 3296 2295 3359 dretlzo
2327 3295 2546 3357 Christ

225 3411 358 3475 may
383 3396 470 3476 fe
514 3398 737 3480 brqus
783 3401 923 3479 (per
966 3419 1133 3473 eum,
1186 3398 1518 3480 Caipham‚
1556 3397 1848 3461 Christus
1892 3410 1965 3461 ut
2003 3409 2168 3462 esset
2212 3402 2537 3482 probatus,

226 3506 293 3556 ut
318 3497 745 3581 inquireretur
775 3500 843 3563 in
874 3506 1047 3584 eum)
1074 3504 1254 3564 Pass,
1287 3508 1390 3577 88,
1425 3508 1483 3563 3.
1520 3524 1605 3564 an
1635 3503 1804 3565 avell
1828 3504 2118 3588 devethys
2150 3503 2373 3587 drethy
2407 3507 2542 3585 (po-

225 3618 389 3663 mum
424 3604 608 3666 veuit
651 3627 765 3687 per
808 3627 969 3681 eam,
1020 3628 1098 3667 ex
1143 3629 1238 3681 ea,
1287 3607 1531 3687 arbore)
1571 3613 1713 3682 152,
1755 3615 1815 3669 4.
1862 3609 2212 3692 drethouqh
2256 3607 2398 3691 why
2446 3608 2542 3668 be-

229 3700 391 3766 them
436 3707 642 3792 lethys
675 3712 814 3792 (per
855 3731 965 3772 vos
1006 3719 1139 3772 esto
1184 3709 1455 3792 occisus)
1494 3717 1637 3787 142,
1677 3720 1736 3773 3.
1787 3713 2007 3775 kenter
2029 3713 2296 3799 ynyskis
2328 3713 2545 3777 drethe

229 3805 458 3881 (clavus
489 3822 672 3875 actus
703 3834 815 3896 per
844 3835 970 3889 eos,
1007 3815 1226 3895 pedes)
1265 3821 1407 3889 179,
1447 3823 1506 3877 4.

382 3915 710 3978 Armorica
739 3938 774 3979 e
803 3916 974 3978 Buh.
1001 3938 1015 3979 :
1057 3919 1168 3980 dre
1198 3926 1373 3981 caret
1401 3921 1534 3995 doe,
1566 3922 1681 3982 dre
1709 3930 1884 3984 caret
1912 3922 2070 3984 douo
2099 3925 2238 4005 (per
2267 3945 2545 3986 amorem

229 4013 346 4095 dei)
379 4022 481 4093 68,
525 4027 626 4081 17.
661 4027 762 4096 70,
799 4028 897 4082 17.
934 4043 1019 4084 an
1049 4043 1249 4084 ancon
1278 4044 1346 4084 so
1377 4023 1528 4086 duet
1558 4026 1671 4086 dre
1699 4025 1863 4105 splot
1889 4048 1972 4088 an
1990 4025 2317 4107 pechedou
2349 4031 2545 4108 (mors

230 4119 391 4182 venit
444 4144 558 4204 per
601 4123 1083 4186 multitudinem
1120 4132 1551 4208 peccatorum)
1591 4135 1663 4188 10
1684 4177 1705 4204 ,
1745 4134 1804 4191 2.
1882 4129 2213 4198 Connexio
2259 4152 2404 4193 cum
2451 4153 2544 4193 se-

231 4234 450 4299 quente
494 4226 763 4289 articulo
806 4229 907 4290 vel
948 4230 1323 4310 pronomine
1366 4233 1552 4293 modo
1599 4235 1776 4295 adest
1819 4235 2005 4295 modo
2037 4236 2245 4296 deest:
2297 4244 2550 4315 quer-zet

233 4323 381 4388 ἄνθη
406 4329 513 4391 bro
538 4331 878 4411 (proficisci
900 4354 1012 4414 per
1036 4337 1291 4413 terram)
1321 4339 1380 4409 2,
1407 4342 1465 4396 6.
1496 4357 1594 4397 me
1617 4337 1777 4399 aielo
1788 4346 1973 4417 pre-st
1994 4338 2151 4399 ἄνθη
2157 4337 2377 4417 forest
2399 4357 2548 4397 man

237 4425 371 4503 (ibo
420 4434 718 4495 audacter
765 4457 877 4516 per
928 4436 1094 4498 hanc
1146 4437 1412 4519 silvam)
1459 4446 1534 4499 34
1556 4486 1575 4514 ,
1621 4447 1719 4502 15.
1777 4441 1963 4502 dram
1997 4439 2119 4520 fez
2171 4440 2310 4518 (per
2360 4439 2552 4500 fidem
