<?xml version="1.0" encoding="UTF-8"?>
<!DOCTYPE html PUBLIC "-//W3C//DTD XHTML 1.0 Transitional//EN"
    "http://www.w3.org/TR/xhtml1/DTD/xhtml1-transitional.dtd">
<html xmlns="http://www.w3.org/1999/xhtml" xml:lang="en" lang="en">
 <head>
  <title>
</title>
<meta http-equiv="Content-Type" content="text/html;charset=utf-8" />
  <meta name='ocr-system' content='tesseract 3.04.00' />
  <meta name='ocr-capabilities' content='ocr_page ocr_carea ocr_par ocr_line ocrx_word'/>
</head>
<body>
  <div class='ocr_page' id='page_1' title='image "./grammaticacelti04zeusgoog_0102.png"; bbox 0 0 3150 5242; ppageno 0'>
   <div class='ocr_carea' id='block_1_1' title="bbox 578 391 2414 463">
    <p class='ocr_par' dir='ltr' id='par_1_1' title="bbox 578 391 2414 463">
     <span class='ocr_line' id='line_1_1' title="bbox 578 391 2414 463; baseline 0.003 -10"><span class='ocrx_word' id='word_1_1' title='bbox 578 393 701 453; x_wconf 85' lang='grc'>652</span> <span class='ocrx_word' id='word_1_2' title='bbox 1064 391 1183 455; x_wconf 91' lang='lat' dir='ltr'>IV.</span> <span class='ocrx_word' id='word_1_3' title='bbox 1225 396 1283 453; x_wconf 85' lang='lat'>2.</span> <span class='ocrx_word' id='word_1_4' title='bbox 1344 412 1908 459; x_wconf 80' lang='lat' dir='ltr'>PRAEPOSITmNEs</span> <span class='ocrx_word' id='word_1_5' title='bbox 1939 415 2414 463; x_wconf 69' lang='lat' dir='ltr'><strong>BR1TANN1CAE.</strong></span> 
     </span>
    </p>
   </div>
   <div class='ocr_carea' id='block_1_2' title="bbox 554 564 2930 4572">
    <p class='ocr_par' dir='ltr' id='par_1_2' title="bbox 567 564 2918 2027">
     <span class='ocr_line' id='line_1_2' title="bbox 577 564 2909 649; baseline 0 -21"><span class='ocrx_word' id='word_1_6' title='bbox 577 564 804 628; x_wconf 80' lang='lat' dir='ltr'>rodetit</span> <span class='ocrx_word' id='word_1_7' title='bbox 842 565 979 627; x_wconf 80' lang='lat' dir='ltr'>elcu</span> <span class='ocrx_word' id='word_1_8' title='bbox 1003 564 1220 648; x_wconf 51' lang='lat' dir='ltr'>quet&amp;</span> <span class='ocrx_word' id='word_1_9' title='bbox 1252 587 1444 649; x_wconf 78' lang='lat' dir='ltr'>equus</span> <span class='ocrx_word' id='word_1_10' title='bbox 1478 576 1604 631; x_wconf 79' lang='lat' dir='ltr'>tres</span> <span class='ocrx_word' id='word_1_11' title='bbox 1635 568 1833 630; x_wconf 71' lang='lat' dir='ltr'>nacke</span> <span class='ocrx_word' id='word_1_12' title='bbox 1865 567 2016 649; x_wconf 85' lang='lat' dir='ltr'>(leg.</span> <span class='ocrx_word' id='word_1_13' title='bbox 2053 570 2233 631; x_wconf 79' lang='lat' dir='ltr'>rodet</span> <span class='ocrx_word' id='word_1_14' title='bbox 2259 567 2333 630; x_wconf 79' lang='lat' dir='ltr'>di</span> <span class='ocrx_word' id='word_1_15' title='bbox 2359 569 2547 630; x_wconf 66' lang='lat' dir='ltr'>elau?</span> <span class='ocrx_word' id='word_1_16' title='bbox 2578 570 2765 630; x_wconf 90' lang='lat' dir='ltr'>datus</span> <span class='ocrx_word' id='word_1_17' title='bbox 2799 569 2909 630; x_wconf 90' lang='lat' dir='ltr'>El-</span> 
     </span>
     <span class='ocr_line' id='line_1_3' title="bbox 575 673 2913 757; baseline 0.001 -23"><span class='ocrx_word' id='word_1_18' title='bbox 575 694 741 735; x_wconf 86' lang='lat' dir='ltr'>cuno</span> <span class='ocrx_word' id='word_1_19' title='bbox 784 682 1003 753; x_wconf 89' lang='lat' dir='ltr'>postea</span> <span class='ocrx_word' id='word_1_20' title='bbox 1046 694 1246 753; x_wconf 92' lang='lat' dir='ltr'>equus</span> <span class='ocrx_word' id='word_1_21' title='bbox 1293 675 1472 754; x_wconf 59' lang='lat' dir='ltr'>eta),</span> <span class='ocrx_word' id='word_1_22' title='bbox 1523 673 1665 735; x_wconf 82' lang='lat' dir='ltr'>m‘be</span> <span class='ocrx_word' id='word_1_23' title='bbox 1706 696 1814 736; x_wconf 79' lang='lat' dir='ltr'>cas</span> <span class='ocrx_word' id='word_1_24' title='bbox 1856 673 2072 756; x_wconf 54' lang='lat' dir='ltr'>{qr-ida</span> <span class='ocrx_word' id='word_1_25' title='bbox 2117 674 2191 736; x_wconf 77' lang='lat' dir='ltr'>di</span> <span class='ocrx_word' id='word_1_26' title='bbox 2223 673 2546 736; x_wconf 75' lang='lat' dir='ltr'>medichat</span> <span class='ocrx_word' id='word_1_27' title='bbox 2567 673 2782 757; x_wconf 65' lang='lat' dir='ltr'>¹quetiq</span> <span class='ocrx_word' id='word_1_28' title='bbox 2815 673 2913 736; x_wconf 73' lang='lat' dir='ltr'>hit</span> 
     </span>
     <span class='ocr_line' id='line_1_4' title="bbox 575 777 2911 862; baseline 0 -22"><span class='ocrx_word' id='word_1_29' title='bbox 575 778 693 840; x_wconf 70' lang='lat' dir='ltr'>(lid</span> <span class='ocrx_word' id='word_1_30' title='bbox 734 780 920 841; x_wconf 78' lang='lat' dir='ltr'>braut</span> <span class='ocrx_word' id='word_1_31' title='bbox 954 778 1191 862; x_wconf 65' lang='lat' dir='ltr'>qrqfi&#39;at</span> <span class='ocrx_word' id='word_1_32' title='bbox 1212 777 1428 862; x_wconf 68' lang='lat' dir='ltr'>yzcetiq</span> <span class='ocrx_word' id='word_1_33' title='bbox 1458 779 1559 841; x_wconf 66' lang='grc' dir='ltr'>πίε</span> <span class='ocrx_word' id='word_1_34' title='bbox 1591 780 1722 841; x_wconf 71' lang='lat' dir='ltr'>min</span> <span class='ocrx_word' id='word_1_35' title='bbox 1753 779 1782 841; x_wconf 78' lang='lat' dir='ltr'><em>i</em></span> <span class='ocrx_word' id='word_1_36' title='bbox 1810 779 2045 842; x_wconf 80' lang='lat' dir='ltr'>tutbulc</span> <span class='ocrx_word' id='word_1_37' title='bbox 2077 779 2465 862; x_wconf 84' lang='lat' dir='ltr'>(phrasesin</span> <span class='ocrx_word' id='word_1_38' title='bbox 2495 781 2623 842; x_wconf 91' lang='lat' dir='ltr'>fine</span> <span class='ocrx_word' id='word_1_39' title='bbox 2653 779 2911 842; x_wconf 83' lang='lat' dir='ltr'>chartae</span> 
     </span>
     <span class='ocr_line' id='line_1_5' title="bbox 574 884 2908 968; baseline 0 -22"><span class='ocrx_word' id='word_1_40' title='bbox 574 884 970 946; x_wconf 82' lang='lat' dir='ltr'>decernentis</span> <span class='ocrx_word' id='word_1_41' title='bbox 1013 884 1215 959; x_wconf 88' lang='lat' dir='ltr'>litem,</span> <span class='ocrx_word' id='word_1_42' title='bbox 1253 886 1519 947; x_wconf 89' lang='lat' dir='ltr'>eandem</span> <span class='ocrx_word' id='word_1_43' title='bbox 1561 907 1895 967; x_wconf 88' lang='lat' dir='ltr'>nunquam</span> <span class='ocrx_word' id='word_1_44' title='bbox 1940 896 2158 968; x_wconf 90' lang='lat' dir='ltr'>postea</span> <span class='ocrx_word' id='word_1_45' title='bbox 2197 907 2332 948; x_wconf 89' lang='lat' dir='ltr'>esse</span> <span class='ocrx_word' id='word_1_46' title='bbox 2362 886 2708 949; x_wconf 84' lang='lat' dir='ltr'>redituram</span> <span class='ocrx_word' id='word_1_47' title='bbox 2739 885 2908 947; x_wconf 87' lang='lat' dir='ltr'>affir-</span> 
     </span>
     <span class='ocr_line' id='line_1_6' title="bbox 572 989 2907 1073; baseline 0 -20"><span class='ocrx_word' id='word_1_48' title='bbox 572 994 850 1071; x_wconf 83' lang='lat' dir='ltr'>mantes)</span> <span class='ocrx_word' id='word_1_49' title='bbox 866 991 1164 1073; x_wconf 86' lang='lat' dir='ltr'>Append.</span> <span class='ocrx_word' id='word_1_50' title='bbox 1187 989 1333 1052; x_wconf 86' lang='lat' dir='ltr'>libri</span> <span class='ocrx_word' id='word_1_51' title='bbox 1351 991 1557 1052; x_wconf 88' lang='lat' dir='ltr'>Land.</span> <span class='ocrx_word' id='word_1_52' title='bbox 1579 1013 1645 1073; x_wconf 87' lang='lat' dir='ltr'>p.</span> <span class='ocrx_word' id='word_1_53' title='bbox 1671 996 1784 1051; x_wconf 85' lang='lat'>271</span> <span class='ocrx_word' id='word_1_54' title='bbox 1802 1039 1815 1052; x_wconf 91' lang='grc'><strong>.</strong></span> <span class='ocrx_word' id='word_1_55' title='bbox 1865 992 2031 1054; x_wconf 90' lang='lat' dir='ltr'>Item</span> <span class='ocrx_word' id='word_1_56' title='bbox 2053 991 2221 1053; x_wconf 88' lang='lat' dir='ltr'>inter</span> <span class='ocrx_word' id='word_1_57' title='bbox 2242 991 2613 1054; x_wconf 81' lang='lat' dir='ltr'>notationes</span> <span class='ocrx_word' id='word_1_58' title='bbox 2627 993 2704 1054; x_wconf 88' lang='lat' dir='ltr'>de</span> <span class='ocrx_word' id='word_1_59' title='bbox 2727 1013 2907 1054; x_wconf 86' lang='lat' dir='ltr'>men·</span> 
     </span>
     <span class='ocr_line' id='line_1_7' title="bbox 572 1093 2909 1182; baseline 0 -23"><span class='ocrx_word' id='word_1_60' title='bbox 572 1096 735 1160; x_wconf 90' lang='lat' dir='ltr'>suris</span> <span class='ocrx_word' id='word_1_61' title='bbox 782 1097 879 1178; x_wconf 83' lang='lat' dir='ltr'>(in</span> <span class='ocrx_word' id='word_1_62' title='bbox 925 1096 1274 1178; x_wconf 86' lang='lat' dir='ltr'>appendice</span> <span class='ocrx_word' id='word_1_63' title='bbox 1317 1093 1508 1177; x_wconf 88' lang='lat' dir='ltr'>hujus</span> <span class='ocrx_word' id='word_1_64' title='bbox 1552 1095 1821 1178; x_wconf 87' lang='lat' dir='ltr'>operis):</span> <span class='ocrx_word' id='word_1_65' title='bbox 1869 1096 2257 1180; x_wconf 71' lang='lat' dir='ltr'>quorenm‘eu</span> <span class='ocrx_word' id='word_1_66' title='bbox 2281 1097 2499 1182; x_wconf 71' lang='lat' dir='ltr'>quotiy</span> <span class='ocrx_word' id='word_1_67' title='bbox 2534 1098 2909 1178; x_wconf 84' lang='lat' dir='ltr'>(adfundere</span> 
     </span>
     <span class='ocr_line' id='line_1_8' title="bbox 572 1200 2908 1287; baseline -0.001 -21"><span class='ocrx_word' id='word_1_68' title='bbox 572 1213 843 1287; x_wconf 87' lang='lat' dir='ltr'>postea).</span> <span class='ocrx_word' id='word_1_69' title='bbox 897 1200 1393 1284; x_wconf 86' lang='lat' dir='ltr'>Praepositionis</span> <span class='ocrx_word' id='word_1_70' title='bbox 1423 1202 1559 1263; x_wconf 91' lang='lat' dir='ltr'>loco</span> <span class='ocrx_word' id='word_1_71' title='bbox 1592 1201 1917 1265; x_wconf 86' lang='lat' dir='ltr'>invenitur</span> <span class='ocrx_word' id='word_1_72' title='bbox 1947 1201 2016 1264; x_wconf 91' lang='lat' dir='ltr'>in</span> <span class='ocrx_word' id='word_1_73' title='bbox 2046 1202 2381 1286; x_wconf 88' lang='lat' dir='ltr'>privilegio</span> <span class='ocrx_word' id='word_1_74' title='bbox 2413 1202 2713 1266; x_wconf 88' lang='lat' dir='ltr'>ecclesiae</span> <span class='ocrx_word' id='word_1_75' title='bbox 2740 1204 2908 1265; x_wconf 89' lang='lat' dir='ltr'>Lan-</span> 
     </span>
     <span class='ocr_line' id='line_1_9' title="bbox 571 1290 2908 1393; baseline -0.001 -20"><span class='ocrx_word' id='word_1_76' title='bbox 571 1308 896 1373; x_wconf 86' lang='lat' dir='ltr'>davensis:</span> <span class='ocrx_word' id='word_1_77' title='bbox 945 1311 1028 1392; x_wconf 75' lang='lat' dir='ltr'>dy</span> <span class='ocrx_word' id='word_1_78' title='bbox 1070 1308 1316 1393; x_wconf 77' lang='lat' dir='ltr'>eccluys</span> <span class='ocrx_word' id='word_1_79' title='bbox 1356 1307 1583 1370; x_wconf 78' lang='lat' dir='ltr'>Teliau</span> <span class='ocrx_word' id='word_1_80' title='bbox 1624 1307 1745 1370; x_wconf 76' lang='lat' dir='ltr'>hac</span> <span class='ocrx_word' id='word_1_81' title='bbox 1787 1308 1893 1370; x_wconf 76' lang='lat' dir='ltr'>dir</span> <span class='ocrx_word' id='word_1_82' title='bbox 1936 1307 2103 1390; x_wconf 61' lang='lat' dir='ltr'>esczp</span> <span class='ocrx_word' id='word_1_83' title='bbox 2149 1308 2242 1372; x_wconf 80' lang='lat' dir='ltr'>oll</span> <span class='ocrx_word' id='word_1_84' title='bbox 2274 1290 2453 1393; x_wconf 68' lang='lat' dir='ltr'>quet‘i</span> <span class='ocrx_word' id='word_1_85' title='bbox 2481 1309 2562 1393; x_wconf 61' lang='lat' dir='ltr'>(gf</span> <span class='ocrx_word' id='word_1_86' title='bbox 2579 1308 2908 1389; x_wconf 83' lang='lat' dir='ltr'>(ecclesiae</span> 
     </span>
     <span class='ocr_line' id='line_1_10' title="bbox 570 1412 2908 1500; baseline 0 -21"><span class='ocrx_word' id='word_1_87' title='bbox 570 1415 816 1479; x_wconf 76' lang='lat' dir='ltr'>&#39;Peliavi</span> <span class='ocrx_word' id='word_1_88' title='bbox 855 1424 920 1477; x_wconf 81' lang='lat' dir='ltr'>et</span> <span class='ocrx_word' id='word_1_89' title='bbox 964 1414 1260 1477; x_wconf 90' lang='lat' dir='ltr'>omnibus</span> <span class='ocrx_word' id='word_1_90' title='bbox 1303 1412 1615 1495; x_wconf 87' lang='lat' dir='ltr'>episcopis</span> <span class='ocrx_word' id='word_1_91' title='bbox 1657 1426 1803 1496; x_wconf 87' lang='lat' dir='ltr'>post</span> <span class='ocrx_word' id='word_1_92' title='bbox 1844 1417 2042 1495; x_wconf 88' lang='lat' dir='ltr'>eum),</span> <span class='ocrx_word' id='word_1_93' title='bbox 2077 1436 2164 1499; x_wconf 76' lang='lat' dir='ltr'>yn</span> <span class='ocrx_word' id='word_1_94' title='bbox 2207 1414 2638 1500; x_wconf 77' lang='lat' dir='ltr'>yscumunetic</span> <span class='ocrx_word' id='word_1_95' title='bbox 2681 1436 2763 1500; x_wconf 67' lang='grc' dir='ltr'>Ψ·</span> <span class='ocrx_word' id='word_1_96' title='bbox 2791 1418 2908 1479; x_wconf 78' lang='lat' dir='ltr'>neb</span> 
     </span>
     <span class='ocr_line' id='line_1_11' title="bbox 569 1518 2918 1605; baseline -0.002 -19"><span class='ocrx_word' id='word_1_97' title='bbox 569 1522 639 1586; x_wconf 83' lang='lat' dir='ltr'>ai</span> <span class='ocrx_word' id='word_1_98' title='bbox 668 1532 835 1587; x_wconf 78' lang='lat' dir='ltr'>torro</span> <span class='ocrx_word' id='word_1_99' title='bbox 865 1522 987 1585; x_wconf 76' lang='lat' dir='ltr'>hac</span> <span class='ocrx_word' id='word_1_100' title='bbox 1016 1543 1097 1604; x_wconf 78' lang='lat' dir='ltr'>ay</span> <span class='ocrx_word' id='word_1_101' title='bbox 1131 1519 1412 1583; x_wconf 77' lang='lat' dir='ltr'>diminuo</span> <span class='ocrx_word' id='word_1_102' title='bbox 1441 1542 1483 1603; x_wconf 76' lang='lat' dir='ltr'><strong><em>y</em></strong></span> <span class='ocrx_word' id='word_1_103' title='bbox 1517 1518 1767 1603; x_wconf 78' lang='lat' dir='ltr'>bryeint</span> <span class='ocrx_word' id='word_1_104' title='bbox 1793 1519 1968 1582; x_wconf 67' lang='lat' dir='ltr'>Imma</span> <span class='ocrx_word' id='word_1_105' title='bbox 1999 1520 2120 1583; x_wconf 78' lang='lat' dir='ltr'>hac</span> <span class='ocrx_word' id='word_1_106' title='bbox 2150 1522 2231 1604; x_wconf 66' lang='lat' dir='ltr'>qs</span> <span class='ocrx_word' id='word_1_107' title='bbox 2247 1521 2374 1605; x_wconf 77' lang='lat' dir='ltr'>hay</span> <span class='ocrx_word' id='word_1_108' title='bbox 2393 1522 2591 1604; x_wconf 76' lang='lat' dir='ltr'>plant</span> <span class='ocrx_word' id='word_1_109' title='bbox 2611 1530 2803 1605; x_wconf 68' lang='lat' dir='ltr'>quety</span> <span class='ocrx_word' id='word_1_110' title='bbox 2837 1523 2918 1605; x_wconf 76' lang='lat' dir='ltr'>ef</span> 
     </span>
     <span class='ocr_line' id='line_1_12' title="bbox 569 1624 2905 1710; baseline -0.001 -18"><span class='ocrx_word' id='word_1_111' title='bbox 569 1626 1182 1710; x_wconf 84' lang='lat' dir='ltr'>(excommunicatus</span> <span class='ocrx_word' id='word_1_112' title='bbox 1234 1624 1290 1687; x_wconf 92' lang='lat' dir='ltr'>is</span> <span class='ocrx_word' id='word_1_113' title='bbox 1338 1626 1455 1707; x_wconf 92' lang='lat' dir='ltr'>qui</span> <span class='ocrx_word' id='word_1_114' title='bbox 1499 1626 1602 1689; x_wconf 87' lang='lat' dir='ltr'>vel</span> <span class='ocrx_word' id='word_1_115' title='bbox 1641 1624 1898 1707; x_wconf 87' lang='lat' dir='ltr'>fregerit</span> <span class='ocrx_word' id='word_1_116' title='bbox 1942 1626 2044 1688; x_wconf 87' lang='lat' dir='ltr'>vel</span> <span class='ocrx_word' id='word_1_117' title='bbox 2088 1626 2446 1709; x_wconf 85' lang='lat' dir='ltr'>despexerit</span> <span class='ocrx_word' id='word_1_118' title='bbox 2485 1627 2606 1689; x_wconf 90' lang='lat' dir='ltr'>hoc</span> <span class='ocrx_word' id='word_1_119' title='bbox 2650 1626 2905 1709; x_wconf 90' lang='lat' dir='ltr'>privile-</span> 
     </span>
     <span class='ocr_line' id='line_1_13' title="bbox 567 1731 2898 1818; baseline -0.001 -21"><span class='ocrx_word' id='word_1_120' title='bbox 567 1735 745 1818; x_wconf 90' lang='lat' dir='ltr'>gium</span> <span class='ocrx_word' id='word_1_121' title='bbox 764 1782 782 1809; x_wconf 89' lang='lat'><strong><em>,</em></strong></span> <span class='ocrx_word' id='word_1_122' title='bbox 831 1745 964 1795; x_wconf 89' lang='lat' dir='ltr'>tam</span> <span class='ocrx_word' id='word_1_123' title='bbox 1007 1732 1142 1814; x_wconf 84' lang='lat' dir='ltr'>ipse</span> <span class='ocrx_word' id='word_1_124' title='bbox 1184 1753 1374 1813; x_wconf 90' lang='lat' dir='ltr'>quam</span> <span class='ocrx_word' id='word_1_125' title='bbox 1420 1731 1556 1814; x_wconf 88' lang='lat' dir='ltr'>ejus</span> <span class='ocrx_word' id='word_1_126' title='bbox 1604 1731 1786 1793; x_wconf 89' lang='lat' dir='ltr'>liberi</span> <span class='ocrx_word' id='word_1_127' title='bbox 1826 1743 1972 1814; x_wconf 90' lang='lat' dir='ltr'>post</span> <span class='ocrx_word' id='word_1_128' title='bbox 2010 1737 2185 1814; x_wconf 88' lang='lat' dir='ltr'>eum)</span> <span class='ocrx_word' id='word_1_129' title='bbox 2220 1732 2363 1794; x_wconf 78' lang='lat' dir='ltr'>Lib,</span> <span class='ocrx_word' id='word_1_130' title='bbox 2403 1734 2609 1795; x_wconf 91' lang='lat' dir='ltr'>Land.</span> <span class='ocrx_word' id='word_1_131' title='bbox 2647 1754 2712 1815; x_wconf 90' lang='lat' dir='ltr'>p.</span> <span class='ocrx_word' id='word_1_132' title='bbox 2758 1740 2898 1795; x_wconf 89' lang='lat'><strong>113.</strong></span> 
     </span>
     <span class='ocr_line' id='line_1_14' title="bbox 569 1837 2904 1923; baseline -0 -21"><span class='ocrx_word' id='word_1_133' title='bbox 569 1843 649 1902; x_wconf 93' lang='lat' dir='ltr'>In</span> <span class='ocrx_word' id='word_1_134' title='bbox 674 1841 850 1902; x_wconf 88' lang='lat' dir='ltr'>Mab.</span> <span class='ocrx_word' id='word_1_135' title='bbox 877 1860 890 1899; x_wconf 89' lang='lat'>:</span> <span class='ocrx_word' id='word_1_136' title='bbox 923 1839 1146 1921; x_wconf 57' lang='grc' dir='ltr'>φορεῖς]</span> <span class='ocrx_word' id='word_1_137' title='bbox 1175 1860 1217 1921; x_wconf 76' lang='lat' dir='ltr'><strong><em>y</em></strong></span> <span class='ocrx_word' id='word_1_138' title='bbox 1242 1846 1461 1920; x_wconf 72' lang='lat' dir='ltr'>qawat</span> <span class='ocrx_word' id='word_1_139' title='bbox 1481 1837 1802 1921; x_wconf 72' lang='lat' dir='ltr'>yoleuhau</span> <span class='ocrx_word' id='word_1_140' title='bbox 1832 1859 2024 1901; x_wconf 80' lang='lat' dir='ltr'>aoruc</span> <span class='ocrx_word' id='word_1_141' title='bbox 2050 1861 2131 1923; x_wconf 79' lang='lat' dir='ltr'>yr</span> <span class='ocrx_word' id='word_1_142' title='bbox 2162 1861 2341 1923; x_wconf 75' lang='lat' dir='ltr'>awyr</span> <span class='ocrx_word' id='word_1_143' title='bbox 2364 1842 2536 1921; x_wconf 91' lang='lat' dir='ltr'>(post</span> <span class='ocrx_word' id='word_1_144' title='bbox 2566 1849 2904 1921; x_wconf 89' lang='lat' dir='ltr'>tempesta-</span> 
     </span>
     <span class='ocr_line' id='line_1_15' title="bbox 568 1943 1699 2027; baseline -0.003 -19"><span class='ocrx_word' id='word_1_145' title='bbox 568 1958 695 2008; x_wconf 88' lang='lat' dir='ltr'>tem</span> <span class='ocrx_word' id='word_1_146' title='bbox 726 1946 1063 2008; x_wconf 82' lang='lat' dir='ltr'>clarescere</span> <span class='ocrx_word' id='word_1_147' title='bbox 1094 1943 1301 2027; x_wconf 88' lang='lat' dir='ltr'>coepit</span> <span class='ocrx_word' id='word_1_148' title='bbox 1331 1947 1460 2024; x_wconf 67' lang='lat' dir='ltr'>aer)</span> <span class='ocrx_word' id='word_1_149' title='bbox 1500 1951 1555 2019; x_wconf 90' lang='lat'>1,</span> <span class='ocrx_word' id='word_1_150' title='bbox 1599 1950 1699 2005; x_wconf 89' lang='grc'>13.</span> 
     </span>
    </p>

    <p class='ocr_par' dir='ltr' id='par_1_3' title="bbox 565 2042 2902 2452">
     <span class='ocr_line' id='line_1_16' title="bbox 740 2042 2902 2135; baseline 0.001 -23"><span class='ocrx_word' id='word_1_151' title='bbox 740 2049 1063 2112; x_wconf 84' lang='lat' dir='ltr'>Armorica</span> <span class='ocrx_word' id='word_1_152' title='bbox 1091 2049 1292 2111; x_wconf 86' lang='lat' dir='ltr'>forma</span> <span class='ocrx_word' id='word_1_153' title='bbox 1323 2049 1637 2112; x_wconf 90' lang='lat' dir='ltr'>GOUDE</span> <span class='ocrx_word' id='word_1_154' title='bbox 1666 2049 1736 2111; x_wconf 89' lang='lat' dir='ltr'>in</span> <span class='ocrx_word' id='word_1_155' title='bbox 1769 2042 1938 2113; x_wconf 73' lang='lat' dir='ltr'>Buh‘·</span> <span class='ocrx_word' id='word_1_156' title='bbox 1966 2073 1979 2113; x_wconf 94' lang='lat'><strong>:</strong></span> <span class='ocrx_word' id='word_1_157' title='bbox 2030 2053 2178 2114; x_wconf 69' lang='lat' dir='ltr'>duel</span> <span class='ocrx_word' id='word_1_158' title='bbox 2205 2074 2273 2114; x_wconf 80' lang='lat' dir='ltr'>eo</span> <span class='ocrx_word' id='word_1_159' title='bbox 2305 2051 2450 2135; x_wconf 58' lang='lat' dir='ltr'>diff</span> <span class='ocrx_word' id='word_1_160' title='bbox 2463 2052 2679 2114; x_wconf 78' lang='lat' dir='ltr'>consol</span> <span class='ocrx_word' id='word_1_161' title='bbox 2697 2054 2902 2134; x_wconf 73' lang='lat' dir='ltr'>qoude</span> 
     </span>
     <span class='ocr_line' id='line_1_17' title="bbox 565 2154 2900 2239; baseline 0 -20"><span class='ocrx_word' id='word_1_162' title='bbox 565 2157 672 2219; x_wconf 73' lang='lat' dir='ltr'>hir</span> <span class='ocrx_word' id='word_1_163' title='bbox 702 2178 887 2237; x_wconf 77' lang='lat' dir='ltr'>space</span> <span class='ocrx_word' id='word_1_164' title='bbox 912 2154 1115 2237; x_wconf 89' lang='lat' dir='ltr'>(venit</span> <span class='ocrx_word' id='word_1_165' title='bbox 1144 2154 1306 2216; x_wconf 91' lang='lat' dir='ltr'>mihi</span> <span class='ocrx_word' id='word_1_166' title='bbox 1329 2155 1630 2217; x_wconf 89' lang='lat' dir='ltr'>solatium</span> <span class='ocrx_word' id='word_1_167' title='bbox 1651 2167 1796 2238; x_wconf 89' lang='lat' dir='ltr'>post</span> <span class='ocrx_word' id='word_1_168' title='bbox 1819 2157 2084 2239; x_wconf 92' lang='lat' dir='ltr'>longum</span> <span class='ocrx_word' id='word_1_169' title='bbox 2108 2157 2414 2239; x_wconf 91' lang='lat' dir='ltr'>spatium)</span> <span class='ocrx_word' id='word_1_170' title='bbox 2445 2163 2545 2233; x_wconf 88' lang='lat'>12,</span> <span class='ocrx_word' id='word_1_171' title='bbox 2579 2162 2682 2219; x_wconf 86' lang='lat'>23.</span> <span class='ocrx_word' id='word_1_172' title='bbox 2736 2159 2900 2220; x_wconf 84' lang='lat' dir='ltr'>Cum</span> 
     </span>
     <span class='ocr_line' id='line_1_18' title="bbox 565 2262 2890 2347; baseline 0 -23"><span class='ocrx_word' id='word_1_173' title='bbox 565 2262 863 2324; x_wconf 83' lang='lat' dir='ltr'>articulo:</span> <span class='ocrx_word' id='word_1_174' title='bbox 896 2264 1146 2344; x_wconf 73' lang='lat' dir='ltr'>qouden</span> <span class='ocrx_word' id='word_1_175' title='bbox 1164 2283 1467 2344; x_wconf 79' lang='lat' dir='ltr'>poanyou</span> <span class='ocrx_word' id='word_1_176' title='bbox 1497 2263 1584 2324; x_wconf 83' lang='lat' dir='ltr'>da</span> <span class='ocrx_word' id='word_1_177' title='bbox 1617 2262 1762 2325; x_wconf 82' lang='lat' dir='ltr'>bout</span> <span class='ocrx_word' id='word_1_178' title='bbox 1793 2264 1974 2325; x_wconf 80' lang='lat' dir='ltr'>Zouen</span> <span class='ocrx_word' id='word_1_179' title='bbox 2007 2266 2178 2347; x_wconf 86' lang='lat' dir='ltr'>(post</span> <span class='ocrx_word' id='word_1_180' title='bbox 2208 2263 2453 2325; x_wconf 88' lang='lat' dir='ltr'>dolores</span> <span class='ocrx_word' id='word_1_181' title='bbox 2484 2273 2560 2325; x_wconf 93' lang='lat' dir='ltr'>ut</span> <span class='ocrx_word' id='word_1_182' title='bbox 2590 2262 2674 2326; x_wconf 89' lang='lat' dir='ltr'>sit</span> <span class='ocrx_word' id='word_1_183' title='bbox 2704 2264 2890 2339; x_wconf 89' lang='lat' dir='ltr'>laeta,</span> 
     </span>
     <span class='ocr_line' id='line_1_19' title="bbox 566 2366 2890 2452; baseline -0 -22"><span class='ocrx_word' id='word_1_184' title='bbox 566 2368 837 2448; x_wconf 84' lang='lat' dir='ltr'>Nonita)</span> <span class='ocrx_word' id='word_1_185' title='bbox 876 2373 1019 2443; x_wconf 83' lang='lat'><strong>146,</strong></span> <span class='ocrx_word' id='word_1_186' title='bbox 1059 2372 1117 2428; x_wconf 87' lang='lat'>2.</span> <span class='ocrx_word' id='word_1_187' title='bbox 1185 2366 1456 2429; x_wconf 85' lang='lat' dir='ltr'>Cornica</span> <span class='ocrx_word' id='word_1_188' title='bbox 1501 2368 1793 2449; x_wconf 84' lang='lat' dir='ltr'>exempla</span> <span class='ocrx_word' id='word_1_189' title='bbox 1837 2368 2031 2451; x_wconf 85' lang='lat' dir='ltr'>hujus</span> <span class='ocrx_word' id='word_1_190' title='bbox 2069 2368 2551 2452; x_wconf 85' lang='lat' dir='ltr'>praepositionis</span> <span class='ocrx_word' id='word_1_191' title='bbox 2583 2392 2715 2431; x_wconf 90' lang='lat' dir='ltr'>non</span> <span class='ocrx_word' id='word_1_192' title='bbox 2746 2369 2890 2451; x_wconf 89' lang='lat' dir='ltr'>legi.</span> 
     </span>
    </p>

    <p class='ocr_par' dir='ltr' id='par_1_4' title="bbox 555 2473 2905 3088">
     <span class='ocr_line' id='line_1_20' title="bbox 735 2473 2897 2559; baseline 0 -23"><span class='ocrx_word' id='word_1_193' title='bbox 735 2473 1149 2537; x_wconf 87' lang='lat' dir='ltr'>HERWYD</span> <span class='ocrx_word' id='word_1_194' title='bbox 1194 2473 1598 2553; x_wconf 87' lang='lat' dir='ltr'>(secundum,</span> <span class='ocrx_word' id='word_1_195' title='bbox 1643 2475 1841 2555; x_wconf 88' lang='lat' dir='ltr'>apud)</span> <span class='ocrx_word' id='word_1_196' title='bbox 1886 2473 2227 2537; x_wconf 86' lang='lat' dir='ltr'>cambrice:</span> <span class='ocrx_word' id='word_1_197' title='bbox 2278 2474 2544 2558; x_wconf 74' lang='lat' dir='ltr'>kerwyd</span> <span class='ocrx_word' id='word_1_198' title='bbox 2576 2498 2618 2559; x_wconf 76' lang='lat' dir='ltr'><strong><em>y</em></strong></span> <span class='ocrx_word' id='word_1_199' title='bbox 2664 2475 2897 2536; x_wconf 63' lang='lat' dir='ltr'>luctuar-</span> 
     </span>
     <span class='ocr_line' id='line_1_21' title="bbox 563 2577 2894 2667; baseline -0.003 -20"><span class='ocrx_word' id='word_1_200' title='bbox 563 2584 779 2667; x_wconf 77' lang='lat' dir='ltr'>wydyt</span> <span class='ocrx_word' id='word_1_201' title='bbox 802 2582 1140 2664; x_wconf 78' lang='lat' dir='ltr'>pedweryt</span> <span class='ocrx_word' id='word_1_202' title='bbox 1167 2578 1310 2641; x_wconf 80' lang='lat' dir='ltr'>mab</span> <span class='ocrx_word' id='word_1_203' title='bbox 1342 2577 1512 2641; x_wconf 80' lang='lat' dir='ltr'>idaw</span> <span class='ocrx_word' id='word_1_204' title='bbox 1545 2581 1927 2659; x_wconf 90' lang='lat' dir='ltr'>(secundum</span> <span class='ocrx_word' id='word_1_205' title='bbox 1957 2580 2287 2644; x_wconf 87' lang='lat' dir='ltr'>historiam</span> <span class='ocrx_word' id='word_1_206' title='bbox 2317 2591 2581 2663; x_wconf 89' lang='lat' dir='ltr'>quartus</span> <span class='ocrx_word' id='word_1_207' title='bbox 2609 2579 2783 2643; x_wconf 91' lang='lat' dir='ltr'>filius</span> <span class='ocrx_word' id='word_1_208' title='bbox 2815 2579 2894 2658; x_wconf 87' lang='lat' dir='ltr'>ei,</span> 
     </span>
     <span class='ocr_line' id='line_1_22' title="bbox 562 2685 2905 2772; baseline -0.001 -20"><span class='ocrx_word' id='word_1_209' title='bbox 562 2694 723 2772; x_wconf 88' lang='lat' dir='ltr'>erat)</span> <span class='ocrx_word' id='word_1_210' title='bbox 757 2689 934 2750; x_wconf 88' lang='lat' dir='ltr'>Mab.</span> <span class='ocrx_word' id='word_1_211' title='bbox 975 2693 1033 2762; x_wconf 89' lang='lat'>3,</span> <span class='ocrx_word' id='word_1_212' title='bbox 1074 2691 1220 2747; x_wconf 84' lang='lat'><strong>297.</strong></span> <span class='ocrx_word' id='word_1_213' title='bbox 1271 2707 1347 2746; x_wconf 83' lang='lat' dir='ltr'>ao</span> <span class='ocrx_word' id='word_1_214' title='bbox 1385 2685 1692 2768; x_wconf 74' lang='lat' dir='ltr'>ymauael</span> <span class='ocrx_word' id='word_1_215' title='bbox 1729 2708 1762 2746; x_wconf 91' lang='lat' dir='ltr'>o</span> <span class='ocrx_word' id='word_1_216' title='bbox 1800 2687 2113 2769; x_wconf 73' lang='lat' dir='ltr'>qaomwri</span> <span class='ocrx_word' id='word_1_217' title='bbox 2147 2686 2311 2771; x_wconf 79' lang='lat' dir='ltr'>yndi</span> <span class='ocrx_word' id='word_1_218' title='bbox 2351 2686 2590 2750; x_wconf 75' lang='lat' dir='ltr'>hitheu.</span> <span class='ocrx_word' id='word_1_219' title='bbox 2642 2687 2905 2770; x_wconf 74' lang='lat' dir='ltr'>kerwyd</span> 
     </span>
     <span class='ocr_line' id='line_1_23' title="bbox 555 2789 2897 2879; baseline -0.002 -20"><span class='ocrx_word' id='word_1_220' title='bbox 555 2797 782 2879; x_wconf 72' lang='lat' dir='ltr'>qwallt</span> <span class='ocrx_word' id='word_1_221' title='bbox 807 2817 849 2878; x_wconf 78' lang='lat' dir='ltr'><em>y</em></span> <span class='ocrx_word' id='word_1_222' title='bbox 867 2793 1088 2875; x_wconf 78' lang='lat' dir='ltr'>phenn</span> <span class='ocrx_word' id='word_1_223' title='bbox 1122 2789 1340 2872; x_wconf 87' lang='lat' dir='ltr'>(arripi</span> <span class='ocrx_word' id='word_1_224' title='bbox 1370 2813 1407 2851; x_wconf 87' lang='lat' dir='ltr'>a</span> <span class='ocrx_word' id='word_1_225' title='bbox 1437 2791 1522 2852; x_wconf 89' lang='lat' dir='ltr'>G.</span> <span class='ocrx_word' id='word_1_226' title='bbox 1559 2790 1720 2872; x_wconf 88' lang='lat' dir='ltr'>ipsa,</span> <span class='ocrx_word' id='word_1_227' title='bbox 1758 2791 1940 2868; x_wconf 84' lang='lat' dir='ltr'>strix,</span> <span class='ocrx_word' id='word_1_228' title='bbox 1977 2792 2222 2875; x_wconf 88' lang='lat' dir='ltr'>capillis</span> <span class='ocrx_word' id='word_1_229' title='bbox 2255 2791 2545 2875; x_wconf 88' lang='lat' dir='ltr'>capitis),</span> <span class='ocrx_word' id='word_1_230' title='bbox 2580 2815 2711 2877; x_wconf 78' lang='lat' dir='ltr'>yna</span> <span class='ocrx_word' id='word_1_231' title='bbox 2742 2795 2897 2877; x_wconf 78' lang='lat' dir='ltr'>ydy-</span> 
     </span>
     <span class='ocr_line' id='line_1_24' title="bbox 561 2895 2895 2982; baseline -0.002 -17"><span class='ocrx_word' id='word_1_232' title='bbox 561 2901 964 2965; x_wconf 83' lang='lat' dir='ltr'>mauaelawd</span> <span class='ocrx_word' id='word_1_233' title='bbox 1011 2919 1208 2981; x_wconf 72' lang='lat' dir='ltr'>qoreu</span> <span class='ocrx_word' id='word_1_234' title='bbox 1251 2895 1394 2957; x_wconf 82' lang='lat' dir='ltr'>mab</span> <span class='ocrx_word' id='word_1_235' title='bbox 1436 2895 1764 2958; x_wconf 65' lang='lat' dir='ltr'>custerznin</span> <span class='ocrx_word' id='word_1_236' title='bbox 1807 2899 2041 2980; x_wconf 81' lang='lat' dir='ltr'>yndaw</span> <span class='ocrx_word' id='word_1_237' title='bbox 2087 2898 2353 2981; x_wconf 77' lang='lat' dir='ltr'>herwyd</span> <span class='ocrx_word' id='word_1_238' title='bbox 2382 2898 2611 2980; x_wconf 72' lang='lat' dir='ltr'>ywallt</span> <span class='ocrx_word' id='word_1_239' title='bbox 2648 2921 2690 2982; x_wconf 82' lang='lat' dir='ltr'><strong><em>y</em></strong></span> <span class='ocrx_word' id='word_1_240' title='bbox 2720 2921 2895 2980; x_wconf 73' lang='lat' dir='ltr'>penu</span> 
     </span>
     <span class='ocr_line' id='line_1_25' title="bbox 562 3001 2580 3088; baseline -0.001 -19"><span class='ocrx_word' id='word_1_241' title='bbox 562 3010 745 3088; x_wconf 86' lang='lat' dir='ltr'>(tunc</span> <span class='ocrx_word' id='word_1_242' title='bbox 777 3003 1047 3087; x_wconf 88' lang='lat' dir='ltr'>arripuit</span> <span class='ocrx_word' id='word_1_243' title='bbox 1077 3003 1162 3067; x_wconf 88' lang='lat' dir='ltr'>G.</span> <span class='ocrx_word' id='word_1_244' title='bbox 1198 3002 1292 3063; x_wconf 90' lang='lat' dir='ltr'>fil.</span> <span class='ocrx_word' id='word_1_245' title='bbox 1331 3003 1407 3064; x_wconf 89' lang='lat' dir='ltr'>C.</span> <span class='ocrx_word' id='word_1_246' title='bbox 1445 3022 1593 3062; x_wconf 92' lang='lat' dir='ltr'>eum</span> <span class='ocrx_word' id='word_1_247' title='bbox 1623 3001 1896 3083; x_wconf 90' lang='lat' dir='ltr'>capillis)</span> <span class='ocrx_word' id='word_1_248' title='bbox 1931 3003 2107 3065; x_wconf 76' lang='lat' dir='ltr'>Mab,</span> <span class='ocrx_word' id='word_1_249' title='bbox 2149 3010 2209 3082; x_wconf 88' lang='grc'>2,</span> <span class='ocrx_word' id='word_1_250' title='bbox 2248 3011 2394 3066; x_wconf 88' lang='grc'><strong>247.</strong></span> <span class='ocrx_word' id='word_1_251' title='bbox 2435 3009 2580 3066; x_wconf 90' lang='grc'><strong>248.</strong></span> 
     </span>
    </p>

    <p class='ocr_par' dir='ltr' id='par_1_5' title="bbox 559 3107 2899 3510">
     <span class='ocr_line' id='line_1_26' title="bbox 735 3107 2897 3194; baseline -0 -20"><span class='ocrx_word' id='word_1_252' title='bbox 735 3110 999 3194; x_wconf 84' lang='lat' dir='ltr'>Legitur</span> <span class='ocrx_word' id='word_1_253' title='bbox 1040 3130 1214 3171; x_wconf 87' lang='lat' dir='ltr'>corn.</span> <span class='ocrx_word' id='word_1_254' title='bbox 1264 3107 1737 3170; x_wconf 87' lang='lat' dir='ltr'>substantivum</span> <span class='ocrx_word' id='word_1_255' title='bbox 1783 3107 2069 3192; x_wconf 75' lang='lat' dir='ltr'>kerwytk</span> <span class='ocrx_word' id='word_1_256' title='bbox 2113 3110 2182 3171; x_wconf 89' lang='lat' dir='ltr'>in</span> <span class='ocrx_word' id='word_1_257' title='bbox 2228 3113 2448 3173; x_wconf 73' lang='lat' dir='ltr'>Pass·:</span> <span class='ocrx_word' id='word_1_258' title='bbox 2505 3116 2622 3171; x_wconf 88' lang='grc'>217</span> <span class='ocrx_word' id='word_1_259' title='bbox 2645 3159 2665 3187; x_wconf 88' lang='grc'><strong>,</strong></span> <span class='ocrx_word' id='word_1_260' title='bbox 2710 3118 2779 3173; x_wconf 87' lang='lat'>1:</span> <span class='ocrx_word' id='word_1_261' title='bbox 2833 3112 2897 3173; x_wconf 80' lang='lat' dir='ltr'>in</span> 
     </span>
     <span class='ocr_line' id='line_1_27' title="bbox 560 3212 2898 3303; baseline -0 -22"><span class='ocrx_word' id='word_1_262' title='bbox 560 3242 685 3303; x_wconf 69' lang='lat' dir='ltr'>aya</span> <span class='ocrx_word' id='word_1_263' title='bbox 726 3217 1010 3301; x_wconf 76' lang='lat' dir='ltr'>kerwyth</span> <span class='ocrx_word' id='word_1_264' title='bbox 1053 3215 1268 3301; x_wconf 74' lang='lat' dir='ltr'>ytkese</span> <span class='ocrx_word' id='word_1_265' title='bbox 1312 3236 1392 3276; x_wconf 83' lang='lat' dir='ltr'>on</span> <span class='ocrx_word' id='word_1_266' title='bbox 1436 3234 1653 3296; x_wconf 72' lang='lat' dir='ltr'>marey</span> <span class='ocrx_word' id='word_1_267' title='bbox 1686 3212 1782 3291; x_wconf 81' lang='lat' dir='ltr'>&lt;in</span> <span class='ocrx_word' id='word_1_268' title='bbox 1813 3234 2054 3291; x_wconf 86' lang='lat' dir='ltr'>eorum,</span> <span class='ocrx_word' id='word_1_269' title='bbox 2091 3218 2133 3278; x_wconf 88' lang='lat' dir='ltr'><strong>J</strong></span> <span class='ocrx_word' id='word_1_270' title='bbox 2136 3218 2502 3293; x_wconf 87' lang='lat' dir='ltr'>udaeorum‚</span> <span class='ocrx_word' id='word_1_271' title='bbox 2539 3217 2736 3280; x_wconf 87' lang='lat' dir='ltr'>latere</span> <span class='ocrx_word' id='word_1_272' title='bbox 2767 3228 2898 3280; x_wconf 88' lang='lat' dir='ltr'>erat</span> 
     </span>
     <span class='ocr_line' id='line_1_28' title="bbox 559 3319 2899 3408; baseline -0.001 -21"><span class='ocrx_word' id='word_1_273' title='bbox 559 3325 795 3407; x_wconf 88' lang='lat' dir='ltr'>miles).</span> <span class='ocrx_word' id='word_1_274' title='bbox 848 3321 1196 3391; x_wconf 82' lang='lat' dir='ltr'>Quaeritur</span> <span class='ocrx_word' id='word_1_275' title='bbox 1225 3321 1396 3396; x_wconf 88' lang='lat' dir='ltr'>inde,</span> <span class='ocrx_word' id='word_1_276' title='bbox 1427 3342 1509 3381; x_wconf 90' lang='lat' dir='ltr'>an</span> <span class='ocrx_word' id='word_1_277' title='bbox 1534 3341 1666 3380; x_wconf 89' lang='lat' dir='ltr'>non</span> <span class='ocrx_word' id='word_1_278' title='bbox 1689 3319 1952 3382; x_wconf 91' lang='lat' dir='ltr'>omnino</span> <span class='ocrx_word' id='word_1_279' title='bbox 1975 3321 2130 3408; x_wconf 88' lang='lat' dir='ltr'>haec</span> <span class='ocrx_word' id='word_1_280' title='bbox 2153 3322 2557 3405; x_wconf 88' lang='lat' dir='ltr'>praepositi0‚</span> <span class='ocrx_word' id='word_1_281' title='bbox 2587 3322 2899 3386; x_wconf 89' lang='lat' dir='ltr'>cambrica</span> 
     </span>
     <span class='ocr_line' id='line_1_29' title="bbox 560 3425 2111 3510; baseline -0.003 -17"><span class='ocrx_word' id='word_1_282' title='bbox 560 3442 641 3493; x_wconf 81' lang='lat' dir='ltr'>ut</span> <span class='ocrx_word' id='word_1_283' title='bbox 665 3428 991 3503; x_wconf 88' lang='lat' dir='ltr'>armorica,</span> <span class='ocrx_word' id='word_1_284' title='bbox 1026 3428 1391 3510; x_wconf 85' lang='lat' dir='ltr'>reponenda</span> <span class='ocrx_word' id='word_1_285' title='bbox 1421 3425 1505 3488; x_wconf 89' lang='lat' dir='ltr'>sit</span> <span class='ocrx_word' id='word_1_286' title='bbox 1534 3425 1703 3490; x_wconf 86' lang='lat' dir='ltr'>inter</span> <span class='ocrx_word' id='word_1_287' title='bbox 1733 3426 2111 3490; x_wconf 88' lang='lat' dir='ltr'>nominales.</span> 
     </span>
    </p>

    <p class='ocr_par' dir='ltr' id='par_1_6' title="bbox 555 3517 2930 4244">
     <span class='ocr_line' id='line_1_30' title="bbox 606 3517 2899 3616; baseline 0.001 -21"><span class='ocrx_word' id='word_1_288' title='bbox 606 3542 609 3546; x_wconf 75' lang='grc'>’</span> <span class='ocrx_word' id='word_1_289' title='bbox 729 3532 1088 3602; x_wconf 87' lang='lat' dir='ltr'>Adhibetur</span> <span class='ocrx_word' id='word_1_290' title='bbox 1133 3543 1347 3595; x_wconf 89' lang='lat' dir='ltr'>tamen</span> <span class='ocrx_word' id='word_1_291' title='bbox 1370 3517 1460 3592; x_wconf 93' lang='lat' dir='ltr'>in</span> <span class='ocrx_word' id='word_1_292' title='bbox 1492 3533 1712 3594; x_wconf 90' lang='lat' dir='ltr'>eadem</span> <span class='ocrx_word' id='word_1_293' title='bbox 1741 3531 2207 3614; x_wconf 87' lang='lat' dir='ltr'>significatione</span> <span class='ocrx_word' id='word_1_294' title='bbox 2238 3534 2485 3598; x_wconf 88' lang='lat' dir='ltr'>cornice</span> <span class='ocrx_word' id='word_1_295' title='bbox 2515 3537 2674 3598; x_wconf 88' lang='lat' dir='ltr'>RIB</span> <span class='ocrx_word' id='word_1_296' title='bbox 2711 3539 2899 3616; x_wconf 87' lang='lat' dir='ltr'>(num</span> 
     </span>
     <span class='ocr_line' id='line_1_31' title="bbox 559 3636 2897 3722; baseline 0 -19"><span class='ocrx_word' id='word_1_297' title='bbox 559 3663 638 3703; x_wconf 85' lang='lat' dir='ltr'>ex</span> <span class='ocrx_word' id='word_1_298' title='bbox 683 3642 904 3702; x_wconf 89' lang='lat' dir='ltr'>eadem</span> <span class='ocrx_word' id='word_1_299' title='bbox 943 3639 1146 3702; x_wconf 89' lang='lat' dir='ltr'>forma</span> <span class='ocrx_word' id='word_1_300' title='bbox 1187 3636 1417 3700; x_wconf 88' lang='lat' dir='ltr'>mutila</span> <span class='ocrx_word' id='word_1_301' title='bbox 1431 3636 1520 3717; x_wconf 72' lang='lat'>?):</span> <span class='ocrx_word' id='word_1_302' title='bbox 1572 3637 1794 3721; x_wconf 79' lang='lat' dir='ltr'>Pedyr</span> <span class='ocrx_word' id='word_1_303' title='bbox 1834 3660 1875 3699; x_wconf 87' lang='lat' dir='ltr'>a</span> <span class='ocrx_word' id='word_1_304' title='bbox 1916 3639 2153 3702; x_wconf 74' lang='lat' dir='ltr'>drokas</span> <span class='ocrx_word' id='word_1_305' title='bbox 2193 3639 2291 3702; x_wconf 76' lang='lat' dir='ltr'>rib</span> <span class='ocrx_word' id='word_1_306' title='bbox 2323 3663 2407 3703; x_wconf 80' lang='lat' dir='ltr'>an</span> <span class='ocrx_word' id='word_1_307' title='bbox 2431 3663 2558 3722; x_wconf 79' lang='lat' dir='ltr'>pen</span> <span class='ocrx_word' id='word_1_308' title='bbox 2587 3663 2897 3704; x_wconf 74' lang='lat' dir='ltr'>scowerns</span> 
     </span>
     <span class='ocr_line' id='line_1_32' title="bbox 559 3742 2930 3829; baseline 0 -21"><span class='ocrx_word' id='word_1_309' title='bbox 559 3769 724 3809; x_wconf 79' lang='lat' dir='ltr'>onan</span> <span class='ocrx_word' id='word_1_310' title='bbox 771 3745 996 3808; x_wconf 74' lang='lat' dir='ltr'>anetke</span> <span class='ocrx_word' id='word_1_311' title='bbox 1027 3748 1132 3826; x_wconf 89' lang='lat' dir='ltr'>(P.</span> <span class='ocrx_word' id='word_1_312' title='bbox 1169 3742 1482 3828; x_wconf 87' lang='lat' dir='ltr'>percussit</span> <span class='ocrx_word' id='word_1_313' title='bbox 1528 3744 1610 3804; x_wconf 89' lang='lat' dir='ltr'>ad</span> <span class='ocrx_word' id='word_1_314' title='bbox 1659 3754 1852 3826; x_wconf 86' lang='lat' dir='ltr'>caput</span> <span class='ocrx_word' id='word_1_315' title='bbox 1896 3766 2117 3807; x_wconf 89' lang='lat' dir='ltr'>aurem</span> <span class='ocrx_word' id='word_1_316' title='bbox 2147 3745 2416 3829; x_wconf 87' lang='lat' dir='ltr'>alicujus</span> <span class='ocrx_word' id='word_1_317' title='bbox 2448 3768 2526 3808; x_wconf 84' lang='lat' dir='ltr'>ex</span> <span class='ocrx_word' id='word_1_318' title='bbox 2559 3745 2677 3827; x_wconf 88' lang='lat' dir='ltr'>eis)</span> <span class='ocrx_word' id='word_1_319' title='bbox 2711 3749 2890 3809; x_wconf 80' lang='lat' dir='ltr'>Pass.</span> <span class='ocrx_word' id='word_1_320' title='bbox 2927 3749 2930 3750; x_wconf 44' lang='lat'><em>⁷</em></span> 
     </span>
     <span class='ocr_line' id='line_1_33' title="bbox 561 3850 2895 3933; baseline 0.002 -23"><span class='ocrx_word' id='word_1_321' title='bbox 561 3858 662 3925; x_wconf 89' lang='lat'>71,</span> <span class='ocrx_word' id='word_1_322' title='bbox 702 3856 761 3911; x_wconf 88' lang='grc'>2.</span> <span class='ocrx_word' id='word_1_323' title='bbox 810 3872 894 3912; x_wconf 81' lang='lat' dir='ltr'>cm</span> <span class='ocrx_word' id='word_1_324' title='bbox 923 3852 1232 3915; x_wconf 78' lang='lat' dir='ltr'>Etkewon</span> <span class='ocrx_word' id='word_1_325' title='bbox 1264 3871 1429 3912; x_wconf 76' lang='lat' dir='ltr'>onan</span> <span class='ocrx_word' id='word_1_326' title='bbox 1460 3872 1501 3912; x_wconf 81' lang='grc' dir='ltr'><em>α</em></span> <span class='ocrx_word' id='word_1_327' title='bbox 1532 3871 1636 3911; x_wconf 77' lang='lat' dir='ltr'>ros</span> <span class='ocrx_word' id='word_1_328' title='bbox 1666 3850 1782 3933; x_wconf 77' lang='lat' dir='ltr'>ryb</span> <span class='ocrx_word' id='word_1_329' title='bbox 1814 3872 1898 3912; x_wconf 78' lang='lat' dir='ltr'>an</span> <span class='ocrx_word' id='word_1_330' title='bbox 1929 3871 2215 3914; x_wconf 75' lang='lat' dir='ltr'>scoverns</span> <span class='ocrx_word' id='word_1_331' title='bbox 2248 3852 2364 3913; x_wconf 73' lang='lat' dir='ltr'>box</span> <span class='ocrx_word' id='word_1_332' title='bbox 2396 3852 2497 3915; x_wconf 73' lang='lat' dir='ltr'>the</span> <span class='ocrx_word' id='word_1_333' title='bbox 2536 3852 2722 3915; x_wconf 76' lang='lat' dir='ltr'>Grist</span> <span class='ocrx_word' id='word_1_334' title='bbox 2752 3853 2819 3932; x_wconf 84' lang='lat' dir='ltr'>(J</span> <span class='ocrx_word' id='word_1_335' title='bbox 2823 3875 2895 3914; x_wconf 93' lang='lat' dir='ltr'>u-</span> 
     </span>
     <span class='ocr_line' id='line_1_34' title="bbox 555 3956 2896 4043; baseline 0.001 -24"><span class='ocrx_word' id='word_1_336' title='bbox 555 3960 858 4019; x_wconf 87' lang='lat' dir='ltr'>daeorum</span> <span class='ocrx_word' id='word_1_337' title='bbox 889 3979 1055 4018; x_wconf 90' lang='lat' dir='ltr'>unus</span> <span class='ocrx_word' id='word_1_338' title='bbox 1087 3956 1263 4019; x_wconf 89' lang='lat' dir='ltr'>dedit</span> <span class='ocrx_word' id='word_1_339' title='bbox 1292 3957 1373 4018; x_wconf 88' lang='lat' dir='ltr'>ad</span> <span class='ocrx_word' id='word_1_340' title='bbox 1402 3978 1621 4018; x_wconf 89' lang='lat' dir='ltr'>aurem</span> <span class='ocrx_word' id='word_1_341' title='bbox 1652 3956 1906 4038; x_wconf 84' lang='lat' dir='ltr'>plagam</span> <span class='ocrx_word' id='word_1_342' title='bbox 1937 3956 2222 4037; x_wconf 78' lang='lat' dir='ltr'>Christo)</span> <span class='ocrx_word' id='word_1_343' title='bbox 2258 3964 2358 4034; x_wconf 86' lang='lat'>81,</span> <span class='ocrx_word' id='word_1_344' title='bbox 2395 3965 2452 4019; x_wconf 91' lang='lat'>1.</span> <span class='ocrx_word' id='word_1_345' title='bbox 2493 3980 2616 4043; x_wconf 73' lang='lat' dir='ltr'>ryp</span> <span class='ocrx_word' id='word_1_346' title='bbox 2648 3982 2734 4021; x_wconf 78' lang='lat' dir='ltr'>an</span> <span class='ocrx_word' id='word_1_347' title='bbox 2760 3981 2896 4043; x_wconf 73' lang='lat' dir='ltr'>yew</span> 
     </span>
     <span class='ocr_line' id='line_1_35' title="bbox 555 4061 2898 4147; baseline 0 -22"><span class='ocrx_word' id='word_1_348' title='bbox 555 4086 595 4126; x_wconf 82' lang='lat' dir='ltr'>a</span> <span class='ocrx_word' id='word_1_349' title='bbox 636 4084 814 4125; x_wconf 79' lang='lat' dir='ltr'>resas</span> <span class='ocrx_word' id='word_1_350' title='bbox 860 4061 960 4124; x_wconf 76' lang='lat' dir='ltr'>tle-e</span> <span class='ocrx_word' id='word_1_351' title='bbox 1007 4062 1226 4125; x_wconf 75' lang='lat' dir='ltr'>tkewle</span> <span class='ocrx_word' id='word_1_352' title='bbox 1257 4063 1636 4144; x_wconf 90' lang='lat' dir='ltr'>(secundum</span> <span class='ocrx_word' id='word_1_353' title='bbox 1682 4061 1931 4124; x_wconf 87' lang='lat' dir='ltr'>hastam</span> <span class='ocrx_word' id='word_1_354' title='bbox 1973 4061 2164 4125; x_wconf 86' lang='lat' dir='ltr'>fluxit</span> <span class='ocrx_word' id='word_1_355' title='bbox 2204 4065 2285 4126; x_wconf 87' lang='lat' dir='ltr'>ad</span> <span class='ocrx_word' id='word_1_356' title='bbox 2314 4086 2566 4139; x_wconf 82' lang='lat' dir='ltr'>manuS,</span> <span class='ocrx_word' id='word_1_357' title='bbox 2604 4064 2898 4147; x_wconf 89' lang='lat' dir='ltr'>sanguis)</span> 
     </span>
     <span class='ocr_line' id='line_1_36' title="bbox 560 4174 907 4244; baseline -0.02 -15"><span class='ocrx_word' id='word_1_358' title='bbox 560 4174 706 4244; x_wconf 87' lang='lat'><strong>219,</strong></span> <span class='ocrx_word' id='word_1_359' title='bbox 747 4175 807 4230; x_wconf 87' lang='lat'>2.</span> <span class='ocrx_word' id='word_1_360' title='bbox 902 4221 907 4222; x_wconf 19' lang='lat' dir='ltr'><em>f</em></span> 
     </span>
    </p>

    <p class='ocr_par' dir='ltr' id='par_1_7' title="bbox 554 4274 2903 4572">
     <span class='ocr_line' id='line_1_37' title="bbox 722 4274 2898 4361; baseline 0.001 -24"><span class='ocrx_word' id='word_1_361' title='bbox 722 4274 1049 4337; x_wconf 89' lang='lat' dir='ltr'>Armorice</span> <span class='ocrx_word' id='word_1_362' title='bbox 1073 4276 1445 4337; x_wconf 87' lang='lat' dir='ltr'><strong>HERUEZ</strong></span> <span class='ocrx_word' id='word_1_363' title='bbox 1477 4274 1545 4337; x_wconf 92' lang='lat' dir='ltr'>in</span> <span class='ocrx_word' id='word_1_364' title='bbox 1570 4275 1779 4336; x_wconf 86' lang='lat' dir='ltr'>Buh.:</span> <span class='ocrx_word' id='word_1_365' title='bbox 1818 4274 2048 4337; x_wconf 80' lang='lat' dir='ltr'>heruez</span> <span class='ocrx_word' id='word_1_366' title='bbox 2079 4298 2162 4338; x_wconf 77' lang='lat' dir='ltr'>an</span> <span class='ocrx_word' id='word_1_367' title='bbox 2176 4277 2296 4361; x_wconf 80' lang='lat' dir='ltr'>fez</span> <span class='ocrx_word' id='word_1_368' title='bbox 2327 4278 2412 4339; x_wconf 81' lang='lat' dir='ltr'>da</span> <span class='ocrx_word' id='word_1_369' title='bbox 2445 4276 2757 4360; x_wconf 82' lang='lat' dir='ltr'>badezaff</span> <span class='ocrx_word' id='word_1_370' title='bbox 2773 4278 2898 4358; x_wconf 86' lang='lat' dir='ltr'>(se-</span> 
     </span>
     <span class='ocr_line' id='line_1_38' title="bbox 554 4380 2903 4463; baseline 0.001 -21"><span class='ocrx_word' id='word_1_371' title='bbox 554 4383 837 4444; x_wconf 83' lang='lat' dir='ltr'>eundum</span> <span class='ocrx_word' id='word_1_372' title='bbox 880 4382 1073 4443; x_wconf 89' lang='lat' dir='ltr'>fidem</span> <span class='ocrx_word' id='word_1_373' title='bbox 1117 4380 1464 4463; x_wconf 89' lang='lat' dir='ltr'>baptizare)</span> <span class='ocrx_word' id='word_1_374' title='bbox 1488 4387 1616 4455; x_wconf 14' lang='lat'>⁷98,</span> <span class='ocrx_word' id='word_1_375' title='bbox 1660 4386 1758 4441; x_wconf 83' lang='lat'>16.</span> <span class='ocrx_word' id='word_1_376' title='bbox 1805 4386 1920 4448; x_wconf 89' lang='grc'>100</span> <span class='ocrx_word' id='word_1_377' title='bbox 1946 4429 1965 4456; x_wconf 89' lang='grc'><strong>,</strong></span> <span class='ocrx_word' id='word_1_378' title='bbox 2011 4387 2109 4443; x_wconf 89' lang='grc'>10.</span> <span class='ocrx_word' id='word_1_379' title='bbox 2163 4404 2243 4444; x_wconf 75' lang='lat' dir='ltr'>vn</span> <span class='ocrx_word' id='word_1_380' title='bbox 2287 4382 2500 4446; x_wconf 74' lang='lat' dir='ltr'>merch</span> <span class='ocrx_word' id='word_1_381' title='bbox 2543 4384 2773 4445; x_wconf 80' lang='lat' dir='ltr'>keruez</span> <span class='ocrx_word' id='word_1_382' title='bbox 2820 4382 2903 4445; x_wconf 76' lang='lat' dir='ltr'>he</span> 
     </span>
     <span class='ocr_line' id='line_1_39' title="bbox 554 4487 2895 4572; baseline -0.001 -21"><span class='ocrx_word' id='word_1_383' title='bbox 554 4488 743 4551; x_wconf 75' lang='lat' dir='ltr'>derck</span> <span class='ocrx_word' id='word_1_384' title='bbox 784 4488 1090 4571; x_wconf 69' lang='lat' dir='ltr'>querckes</span> <span class='ocrx_word' id='word_1_385' title='bbox 1123 4487 1366 4569; x_wconf 83' lang='lat' dir='ltr'>(puella</span> <span class='ocrx_word' id='word_1_386' title='bbox 1413 4489 1767 4549; x_wconf 85' lang='lat' dir='ltr'>secundum</span> <span class='ocrx_word' id='word_1_387' title='bbox 1811 4495 2138 4568; x_wconf 86' lang='lat' dir='ltr'>aspectum</span> <span class='ocrx_word' id='word_1_388' title='bbox 2184 4510 2374 4551; x_wconf 89' lang='lat' dir='ltr'>suum</span> <span class='ocrx_word' id='word_1_389' title='bbox 2403 4488 2606 4572; x_wconf 87' lang='lat' dir='ltr'>virgo)</span> <span class='ocrx_word' id='word_1_390' title='bbox 2648 4494 2748 4565; x_wconf 89' lang='grc'>18,</span> <span class='ocrx_word' id='word_1_391' title='bbox 2793 4495 2895 4550; x_wconf 88' lang='grc'>16.</span> 
     </span>
    </p>
   </div>
  </div>
 </body>
</html>
