3150 5242
673 413 790 475 IV.
830 417 891 473 3.
957 431 1492 475 consnxorlonns
1523 430 2002 475 BRITANNICAE.
2383 409 2508 472 685

298 594 303 599 ’
340 580 668 643 Ρο11101110
690 604 785 658 ac,
816 604 856 644 a
879 580 1227 658 interdum,
1257 592 1332 645 ut
1355 592 1452 645 est
1474 581 1758 645 diversae
1781 578 2289 664 significationiS,
2314 580 2507 644 etiam

189 686 449 749 diversae
494 687 758 770 originis
801 687 1055 750 videtur
1083 688 1163 749 ab
1192 698 1342 750 ante
1370 688 1561 764 dicta,
1602 710 1659 750 e.
1694 710 1790 770 gr.
1825 688 1895 750 in
1927 688 2103 749 Mab.
2143 691 2202 763 2,
2245 694 2345 750 10.
2388 694 2502 750 11:

188 813 280 855 am
306 801 417 855 nat
442 801 575 877 wyt
601 795 980 877 ynenryded
1005 795 1136 877 dyn
1160 816 1201 856 a
1223 794 1396 855 wedo
1419 794 1684 857 wrthaw
1706 793 2016 881 ymdidan
2040 792 2514 879 amharqlwydi

191 897 349 979 (quia
377 920 508 960 non
540 919 609 960 es
641 898 829 961 homo
860 899 1189 975 honestus,
1219 910 1295 961 ut
1316 901 1535 983 deceat
1557 900 1835 982 colloqui
1858 922 2005 962 cum
2029 899 2286 962 domino
2309 904 2502 981 meo),

190 1012 289 1088 nyt
325 1013 450 1088 wyt
488 1026 570 1066 vn
616 1007 902 1089 euryded
944 1006 1018 1068 di
1043 1028 1119 1068 ac
1146 1028 1189 1089 y
1220 1005 1495 1090 dylyyclz
1524 1006 1837 1090 ymdidan
1867 1027 1971 1068 am
2001 1005 2322 1089 arqlwydi
2348 1009 2509 1086 (non
2599 1079 2605 1084 ·

191 1131 245 1171 es
271 1110 596 1185 honestuS,
628 1124 702 1173 ut
731 1113 959 1174 debeas
989 1111 1263 1194 colloqui
1293 1134 1442 1175 cum
1471 1112 1730 1175 domino
1752 1115 1945 1193 meo).
1997 1111 2285 1174 Conferri
2309 1112 2511 1194 possit

192 1214 321 1277 huic
358 1215 637 1278 formula
680 1217 983 1298 loquendi
1013 1240 1205 1300 supra
1234 1228 1582 1280 memorata
1612 1221 1706 1299 (p.
1746 1224 1821 1279 30
1834 1223 1933 1301 7),
1970 1217 2039 1278 in
2070 1239 2195 1299 qua
2224 1228 2371 1300 post
2400 1219 2508 1280 ad-

186 1319 463 1401 jectivum
509 1343 664 1383 cum
702 1325 1116 1404 praecedente
1157 1324 1290 1409 kyn
1332 1324 1620 1407 sequitur
1658 1346 1721 1399 a,
1757 1344 1854 1399 ac,
1889 1323 2271 1405 praepositio
2312 1323 2507 1406 signi-

194 1427 364 1489 ficans
420 1448 561 1491 cum
578 1475 600 1504 ,
660 1427 924 1491 fortasse
982 1429 1178 1493 etiam
1228 1429 1468 1492 latinus
1520 1428 1775 1492 dicendi
1823 1429 2087 1491 modus:
2153 1451 2349 1511 aeque
2400 1428 2506 1491 Ιιο-

193 1541 378 1596 nestas
406 1555 503 1595 ao.

342 1640 420 1701 In
460 1639 607 1702 aliis
650 1640 958 1724 exemplis
999 1640 1312 1723 particula
1355 1662 1419 1717 a,
1457 1663 1534 1702 ac
1574 1639 1971 1703 adversativa
2013 1650 2130 1715 est,
2167 1638 2259 1702 ita
2299 1650 2375 1702 ut
2416 1639 2508 1701 vi-

193 1743 391 1807 deatur
431 1746 723 1829 ejusdem
769 1746 1032 1829 originis
1078 1768 1224 1809 cum
1262 1747 1511 1809 hibern.
1549 1755 1655 1809 act
1684 1748 1872 1827 (sed).
1941 1747 2154 1813 Quam
2196 1745 2509 1808 diversam

195 1849 475 1932 originem
508 1852 756 1915 indicat
790 1852 1075 1929 fortasse,
1112 1849 1282 1935 quod
1311 1853 1639 1914 interdum
1666 1861 1885 1914 manet
1913 1874 1990 1913 ac
2019 1861 2168 1913 ante
2199 1872 2508 1914 consonas

195 1955 502 2020 destitutas
526 1958 597 2020 in
617 1959 795 2020 Mab.
820 1981 833 2020 :
865 1957 939 2020 ni
958 1957 1406 2041 aymdz'danem
1431 1979 1472 2018 a
1493 1956 1592 2020 tbi
1612 1979 1732 2040 ony
1759 1957 1860 2019 bei
1881 1957 2091 2021 lesteir
2113 1978 2191 2019 ar
2214 1957 2299 2041 dy
2317 1964 2504 2039 vat.

195 2081 259 2122 ac
282 2060 538 2127 weithon
568 2063 647 2126 m'
674 2064 1125 2148 aymdidanwn
1157 2087 1197 2126 a
1223 2062 1320 2126 tbi
1342 2064 1485 2142 (nos
1509 2063 2012 2146 colloqueremur
2038 2073 2271 2139 tecum,
2301 2061 2510 2124 sinon

198 2178 338 2230 esset
363 2167 896 2251 impedimentum
928 2168 1045 2231 tibi
1074 2168 1321 2243 edenti3
1357 2191 1532 2231 nunc
1562 2180 1778 2232 autem
1808 2170 2239 2251 colloquemur
2270 2170 2508 2247 tecum)

203 2276 250 2345 1,
283 2278 337 2333 5.
384 2282 498 2357 nyt
542 2297 578 2335 ο
618 2275 971 2359 yyuoetheu
1012 2296 1101 2358 yn
1148 2275 1376 2358 vaaf
1398 2278 1493 2358 yd
1529 2274 1884 2359 ymbortlzei
1909 2275 2170 2357 efrawe.
2206 2295 2445 2357 namyn
2475 2293 2510 2333 ο

201 2378 608 2443 twrneimeint.
655 2428 670 2442 .
713 2427 727 2441 .
763 2402 840 2442 ac
867 2381 984 2443 παῖ
1006 2403 1048 2464 y
1080 2401 1219 2441 mae
1249 2380 1521 2464 mynych
1557 2428 1571 2442 .
1609 2428 1622 2442 .
1666 2428 1680 2442 .
1717 2380 1799 2463 ef
1814 2379 1954 2441 alas
1987 2380 2146 2458 (non
2176 2380 2254 2441 de
2283 2361 2518 2460 guber?

199 2484 384 2546 nando
405 2485 686 2547 maxime
708 2484 954 2547 curavit
980 2486 1085 2562 E„
1115 2484 1240 2547 nisi
1263 2486 1340 2547 de
1366 2485 1841 2560 torneamentis,
1869 2485 1978 2546 sed
2003 2493 2077 2544 111
2097 2485 2174 2544 fit
2196 2504 2402 2564 saepe,
2438 2530 2452 2543 .
2489 2530 2503 2544 .

201 2587 413 2653 occisus
443 2594 566 2674 est)
607 2598 667 2667 1,
703 2596 848 2654 235.
886 2590 1169 2676 kyfarch
1193 2592 1387 2675 qwell
1410 2592 1811 2655 awneutlzum
1841 2589 2031 2653 idaw.
2070 2611 2145 2650 ao
2174 2609 2289 2650 rac
2320 2587 2515 2651 11αῇοι

199 2695 437 2777 ywybod
463 2698 552 2780 ef.
590 2697 755 2781 kynt
791 2721 834 2782 y
865 2697 1303 2782 kyuarehawd
1329 2698 1410 2781 ef
1425 2698 1573 2760 well
1596 2697 1750 2781 ymi.
1788 2719 1867 2759 no
1896 2694 2060 2758 mini
2087 2694 2256 2757 idaw
2288 2694 2370 2777 ef
2387 2697 2511 2775 (sa-

201 2798 378 2862 lutare
418 2802 640 2884 paravi
684 2825 855 2879 eum,
891 2805 1002 2866 sed
1044 2813 1302 2885 propter
1342 2803 1770 2865 urbanitatem
1809 2802 1987 2885 prius
2032 2799 2335 2863 salutavit
2374 2798 2511 2881 ipse

201 2923 306 2979 me,
332 2927 514 2988 quam
543 2930 664 2991 ego
696 2914 871 2992 eum)
903 2917 959 2986 1,
980 2917 1040 2971 4.
1077 2931 1154 2970 ac
1177 2909 1259 2991 ef
1275 2907 1720 2992 aqadarnhaei
1747 2905 2222 2991 yywennwynei
2250 2904 2514 2990 ydwfyr

202 3004 418 3074 hwnnw
449 3015 730 3098 yenedyl
751 3014 1184 3099 ycorannyeit.
1221 3036 1296 3075 ac
1325 3036 1411 3075 na
1443 3013 1635 3076 ladei.
1673 3036 1748 3075 ac
1777 3022 1892 3076 nat
1918 3010 2243 3095 eidiyanei
2266 3012 2382 3073 neb
2413 3033 2512 3072 oe-

201 3118 443 3201 9011οἀῃῖ
478 3119 647 3182 chun
679 3124 774 3201 (et
817 3120 1214 3183 asseverabat
1241 3117 1398 3200 ipse,
1435 3121 1606 3201 quod
1636 3127 1978 3181 venenaret
2006 3139 2172 3199 aqua
2203 3138 2278 3178 ea
2305 3138 2509 3199 genus

205 3238 650 3302 pygmaeorum,
688 3227 799 3288 sed
843 3225 1014 3306 quod
1056 3245 1187 3285 non
1231 3225 1521 3306 perderet
1562 3234 1628 3285 et
1655 3245 1788 3285 non
1815 3224 2095 3285 laederet
2123 3222 2401 3304 aliquem
2431 3243 2509 3308 ex

207 3322 321 3404 ejus
360 3328 553 3412 ipsius
584 3335 845 3417 genere)
884 3337 941 3407 3,
982 3337 1092 3392 301
1112 3377 1125 3391 .
1191 3329 1633 3392 Veruntamen
1663 3339 1759 3389 est
1795 3328 1987 3390 etiam
2018 3328 2342 3412 aspiratio,
2378 3349 2511 3389 non

206 3429 500 3499 destitutio
566 3436 898 3513 tenuium,
971 3436 1418 3515 interdumque
1478 3444 1542 3494 et
1606 3432 1789 3495 aliter
1848 3455 2027 3496 versa
2093 3433 2504 3516 significatio:

211 3535 355 3600 drwc
380 3564 474 3624 yw
505 3545 590 3628 dy
624 3565 859 3628 anyan.
898 3540 1180 3625 achanys
1217 3587 1231 3600 .
1276 3587 1289 3601 .
1333 3586 1347 3600 .
1386 3539 1620 3619 (malus
1653 3550 1749 3601 est
1778 3561 1981 3602 sermo
2011 3550 2184 3615 tuus,
2222 3540 2332 3601 sed
2363 3538 2515 3620 quia

208 3645 337 3723 etc.)
367 3645 537 3709 Mab.
582 3656 639 3723 1,
682 3654 782 3709 19.
836 3647 888 3710 ti
927 3646 1143 3731 aqeffy
1187 3647 1382 3707 nawd
1417 3644 1531 3706 heb
1572 3667 1616 3728 y
1653 3644 1918 3727 yereint.
1955 3668 2033 3708 ac
2073 3669 2157 3730 ny
2201 3645 2280 3707 bu
2311 3646 2396 3707 da
2427 3646 2511 3729 dy

207 3746 397 3827 wybot.
433 3775 507 3814 ae
549 3777 635 3838 ny
683 3755 863 3817 buost
896 3753 1224 3838 qyuartal.
1254 3773 1385 3835 yan
1426 3751 1512 3834 dy
1557 3758 1666 3812 uot
1705 3772 1791 3833 yn
1833 3749 2260 3834 yedymdeith.
2295 3753 2517 3813 ac'nat

207 3847 359 3931 elych
395 3859 739 3944 ymberbyn
781 3882 863 3944 yr
902 3858 1193 3923 eilweith.
1231 3880 1306 3920 ac
1347 3879 1381 3918 ο
1428 3855 1673 3940 chlywy
1717 3863 1870 3917 ouut
1911 3857 2126 3939 arnas
2153 3878 2195 3939 y
2227 3856 2517 3919 achabeit

210 3952 412 4023 ohonat
432 3965 533 4042 (tu
561 3964 823 4027 habebis
852 3965 1145 4047 gratiam,
1173 3963 1384 4046 inquit
1408 3963 1521 4037 G„
1553 3959 1840 4043 quamvis
1873 3981 2005 4021 non
2029 3959 2152 4022 fuit
2178 3962 2342 4023 bona
2365 3983 2512 4023 con·-

209 4065 446 4128 versatio
469 4079 667 4132 tua-et
688 4093 821 4132 non
844 4070 1023 4134 fuisti
1048 4069 1264 4145 comiS,
1289 4069 1342 4130 si
1366 4068 1487 4129 eris
1512 4066 1582 4128 in
1605 4065 1913 4128 comitatu
1930 4076 1993 4128 et
2008 4087 2138 4127 non
2155 4065 2275 4129 ibis
2294 4079 2515 4130 contra

208 4182 293 4227 me
326 4169 440 4234 alia
468 4175 625 4251 vice,
663 4176 795 4252 sed,
833 4177 887 4238 si
916 4176 1189 4239 audieris
1220 4174 1577 4257 periculum
1608 4173 1686 4234 de
1715 4195 1840 4248 me,
1878 4172 2224 4254 adjuvabor
2254 4195 2291 4234 a
2321 4176 2411 4254 te)
2448 4179 2507 4248 2,

215 4274 300 4332 51.
336 4280 429 4339 52.
480 4280 572 4342 mi
613 4283 864 4365 arodaf
880 4305 920 4366 y
954 4281 1360 4343 carcharawr
1392 4279 1497 4341 itti
1523 4303 1602 4342 ac
1629 4302 1714 4363 ny
1746 4279 2200 4360 daoparysswn
2228 4300 2270 4361 y
2302 4276 2449 4338 rodi
2472 4298 2514 4359 y

211 4377 309 4437 neb
340 4381 473 4464 (ego
517 4387 678 4449 dabo
718 4388 1045 4471 captivum
1082 4386 1219 4462 tibi,
1256 4385 1543 4467 quamvis
1574 4407 1706 4447 non
1738 4383 2161 4464 cogitaveram
2190 4402 2339 4443 eum
2369 4381 2516 4440 dare

214 4477 404 4567 alicui)
438 4493 496 4563 2,
534 4496 678 4553 231.
1327 4491 1332 4500 “
