3150 5242
614 367 733 431 VI.
769 373 829 431 2.
893 389 1338 433 οοΝεΤιωσΠο
1370 381 1649 433 Pomm&
1682 389 2076 433 mmmmm·
2386 369 2512 431 929

222 534 509 600 indlinech
533 537 872 622 fomchain
918 539 1150 604 tm'rech
1192 539 1352 604 inna
1389 540 1533 603 Mn.
1605 540 1755 603 Vox
1772 538 2098 623 fidbat'doe
2138 559 2286 602 cum
2328 537 2512 621 signo

218 639 529 720 indicante,
565 665 692 726 quo
729 646 1064 729 pertineat,
1096 646 1331 730 legitur
1359 645 1524 708 infra
1552 645 1813 722 lineam,
1849 646 1919 708 in
1947 644 2118 708 linea
2149 643 2337 707 tertia
2365 644 2514 707 dein

219 759 472 830 separata
489 748 520 811 τ’
552 752 831 816 maraitk
870 773 1042 815 serec
1084 752 1221 815 edin
1264 753 1541 816 mardda
1584 751 1803 815 aitlme
1839 775 1881 815 a
1923 751 2257 814 maeletdn.
2320 749 2513 813 Vocis

215 852 402 916 aithne
428 853 643 919 literae
671 857 911 921 mediae
942 857 1037 922 itk
1066 878 1198 919 non
1227 856 1381 920 satis
1413 869 1567 921 sunt
1598 868 1803 920 certae
1832 857 1912 920 ob
1939 858 2171 919 ductus
2193 856 2507 919 insolitos.

355 961 515 1024 Item
558 961 629 1024 in
670 962 962 1027 inferiore
1003 962 1292 1044 margine
1322 985 1388 1046 p.
1428 968 1567 1024 204-
1584 984 1619 1025 e
1662 962 1919 1045 regione
1948 961 2296 1044 scripturae
2325 962 2514 1025 modo

210 1065 386 1141 dictae
425 1068 504 1129 ad
548 1069 907 1132 dexteram:
964 1067 1319 1131 For't‘zchain
1374 1067 1472 1130 co'i
1507 1089 1694 1130 menn
1735 1067 1988 1130 medair
2028 1088 2198 1130 mass
2242 1066 2516 1130 himbrot

204 1171 352 1253 qlass
381 1173 455 1236 de
486 1172 835 1257 dindynaib
867 1176 1034 1238 dos-3.
1066 1173 1331 1237 dabrath
1353 1173 1818 1238 nofflchoimdiu
1843 1172 2043 1236 co'ima
2068 1172 2513 1236 cdinscribat‘r'r‘z

191 1277 498 1359 foroid:.·.·.·

347 1385 424 1448 In
466 1384 790 1470 superiore
831 1385 1120 1470 margine
1163 1385 1435 1469 paginae
1483 1389 1605 1446 229
1651 1384 1852 1448 literis
1896 1368 2116 1469 paullo
2158 1383 2511 1448 minoribus

202 1510 366 1570 quam
393 1491 460 1554 in
488 1491 631 1554 aliis
663 1491 765 1555 his
796 1491 1284 1575 marginalibus:
1342 1490 1511 1554 Gaib
1541 1489 1803 1554 dochuil
1828 1488 2255 1553 isincharcair
2282 1489 2358 1552 m’
2382 1489 2512 1553 ro'is

200 1594 406 1661 omnim
442 1621 529 1662 na
568 1596 822 1661 colcaid
855 1599 1072 1681 Truaq
1115 1595 1287 1660 insin
1330 1595 1536 1660 amail
1571 1596 1805 1659 bachal
1843 1594 2110 1679 rotyz'uil
2134 1594 2513 1660 inds'rathar

200 1701 459 1767 dodcaid.

342 1809 507 1873 Sunt
535 1809 715 1873 enim
743 1808 813 1872 in
843 1807 945 1872 his
975 1818 1312 1892 sequentes
1342 1829 1595 1871 versus:

240 1951 455 2011 Isacher
483 1949 714 2030 {nyctim
746 1952 986 2011 innocht
1018 1947 1039 2034 ΙΙ
1054 1957 1140 2030 fu
1177 1951 1188 2028 Ι
1210 1954 1440 2031 sua-ma
1478 1946 1487 2032 Ι
1510 1951 1727 2030 faircoe
1754 1934 1933 2033 sind]
1957 1954 2090 2031 solt

238 2054 298 2111 ’τί
320 2061 454 2131 dqor
482 2056 634 2113 νοῶ-ι
673 2056 685 2132 Ι
722 2076 882 2113 mora
920 2055 930 2132 Ι
968 2056 1130 2113 minn
1162 2050 1184 2136 ΙΙ
1218 2056 1372 2112 dond
1406 2053 1417 2128 Ι
1459 2054 1545 2111 lae
1573 2053 1940 2140 chraidlainn
1970 2050 2343 2135 οαΙΙοίΙιΙῖἰιιᾶ.

336 2191 707 2254 Membrum
760 2190 1026 2273 quodvis
1089 2201 1188 2254 est
1249 2199 1496 2273 septem
1550 2189 1942 2271 syllabarum
1960 2236 1980 2265 ,
2030 2211 2178 2252 cum
2241 2201 2372 2254 tam
2411 2192 2506 2255 di·

187 2293 480 2380 phthongi
507 2318 706 2380 quam
727 2298 973 2360 vocales
997 2295 1270 2358 infectae
1292 2295 1393 2357 vel
1416 2294 1646 2377 longae
1670 2294 1938 2371 solutae,
1966 2316 2023 2358 e.
2042 2317 2142 2377 gr.
2174 2296 2261 2373 ἀί,
2287 2297 2367 2374 ei,
2393 2320 2502 2375 ua,

187 2399 302 2477 udi,
333 2401 419 2478 ia,
456 2424 662 2464 unam
707 2413 961 2465 tantum
993 2401 1301 2485 syllabam
1334 2399 1640 2463 sistant.*
1697 2401 2085 2463 Assonantia
2114 2400 2325 2463 finalis
2356 2424 2505 2465 con·

186 2507 463 2588 traposita
493 2506 762 2570 dimidia
791 2519 889 2571 est
918 2507 988 2569 in
1018 2518 1287 2593 utroque
1319 2528 1526 2595 versu,
1564 2505 1634 2568 in
1663 2505 1869 2589 primo
1899 2507 1969 2568 in
2001 2506 2208 2582 nocht,
2226 2507 2391 2590 solt,
2431 2507 2501 2570 in

187 2614 437 2677 secundo
468 2614 537 2676 in
567 2612 772 2691 mimz,
805 2613 985 2689 lind;
1020 2613 1287 2677 initialis
1319 2611 1692 2677 assonantia
1709 2612 1838 2675 fere
1862 2612 2209 2675 cumulata.
2263 2614 2496 2677 Porro:

186 2752 317 2812 Dom
332 2752 339 2836 Ι
343 2759 553 2834 sarem
589 2758 600 2834 Ι
626 2758 907 2835 fidbaidae
944 2757 955 2834 Ι
977 2755 1113 2835 fa'21
1142 2756 1153 2832 Ι
1175 2750 1538 2838 fomchainss
1586 2752 1594 2838 Ι
1632 2757 1755 2814 Ζόίᾱ
1787 2756 1799 2832 Ι
1840 2756 1965 2814 lain
2002 2756 2013 2833 Ι
2055 2758 2196 2814 laad
2248 2758 2369 2816 nad
2419 2761 2510 2816 cel

1628 2861 1773 2917 haas
1803 2881 1894 2917 mo
1933 2860 1944 2936 Ι
1984 2860 2180 2917 Ζεόνάη

186 2958 454 3021 ίηᾱῖίηεοὶι
481 2961 798 3041 femellam
842 2962 1060 3020 trirech
1101 2959 1239 3018 inm
1264 2964 1409 3020 nen.
1448 2956 1470 3043 ΙΙ
1519 2956 1527 3042 Ι
1559 2961 1813 3020 mar-aith
1855 2981 2008 3018 cerco
2047 2962 2171 3019 chin
2209 2963 2220 3039 Ι
2257 2963 2501 3020 mardda

1625 3064 1820 3122 aithne
1848 3082 1885 3119 a
1922 3064 1933 3140 Ι
1968 3064 2267 3121 φηάεῑειάιι.

328 3200 473 3264 Duo
513 3201 674 3265 item
714 3222 932 3263 versus
975 3221 1124 3264 cum
1160 3220 1390 3262 novem
1436 3199 1697 3282 syllabis
1742 3198 1811 3259 in
1854 3198 2186 3274 membriS,
2233 3210 2498 3282 excepto

180 3311 492 3384 postremo,
530 3307 704 3391 quod
743 3305 992 3368 excedit
1022 3305 1196 3368 hunc
1226 3327 1588 3367 numerum.
1655 3306 1738 3366 In
1769 3304 2182 3366 antecedente
2211 3305 2496 3368 membro

181 3407 436 3488 ejusdem
478 3434 700 3477 versus
746 3411 1052 3475 articulus
1085 3411 1241 3474 iuna
1271 3420 1368 3473 est
1395 3411 1532 3473 loco
1563 3409 1759 3472 unius
1790 3409 2068 3493 syllabae
2098 3408 2361 3472 minoris
2393 3423 2493 3473 ac-

180 3526 396 3582 centuS.
457 3518 849 3583 Assonantia
888 3517 1100 3581 finalis
1143 3516 1504 3602 copulativa
1534 3516 1776 3599 duplex
1807 3525 1938 3591 est3
1975 3514 2238 3578 initialis
2269 3537 2492 3579 cumu-

180 3613 289 3684 lata
327 3623 394 3687 in
432 3626 641 3709 primo
674 3647 883 3700 versu,
920 3624 988 3686 in
1019 3624 1298 3687 secundo
1328 3620 1590 3685 nonnisi
1619 3622 1973 3684 secundum
2002 3623 2359 3685 membrum
2388 3644 2488 3686 oc-

179 3739 365 3808 eupat,
394 3732 551 3794 dum
581 3730 651 3793 in
679 3730 872 3813 priori
903 3729 1228 3792 invenitur
1258 3727 1624 3792 assonantia
1651 3726 1949 3803 desinens
1979 3726 2259 3789 lateralis
2288 3727 2358 3789 in
2381 3750 2488 3791 vo-

177 3827 330 3895 cibus
362 3835 587 3912 linech,
626 3835 881 3900 trirech.
947 3837 1049 3899 Ex
1079 3835 1157 3898 iis
1188 3858 1350 3919 quae
1381 3843 1738 3918 sequuntur
1765 3831 1976 3916 prodit
2007 3854 2255 3895 versus:

176 3972 470 4037 Fomehain
499 3981 594 4037 cdi
623 3975 632 4061 Ι
665 4000 831 4037 menn
864 3974 872 4062 Ι
905 3979 1124 4037 medat'r
1158 3974 1165 4060 Ι
1191 3999 1346 4037 mass
1380 3973 1400 4061 ΙΙ
1434 3978 1687 4036 himbrot
1705 3979 1868 4053 ylass
1891 3978 1959 4034 de
1980 3974 2293 4051 dindqnat'b
2318 3976 2478 4034 doss.

270 4195 273 4202 1
325 4113 490 4179 Sunt
532 4115 813 4198 syllabae
852 4125 1096 4199 septem
1137 4112 1416 4197 cujusvis
1445 4112 1737 4177 membri.
1799 4110 2187 4175 Assonantia
2215 4110 2481 4174 initialis

292 4377 317 4403 ¹*
349 4379 472 4432 Hoc
508 4397 607 4449 pro
629 4380 819 4450 regula
842 4386 943 4432 est.
994 4379 1279 4432 Invenitur
1303 4386 1482 4433 tamen
1506 4380 1671 4434 etiam
1696 4376 2045 4440 contrarium,
2075 4393 2123 4429 e.
2151 4395 2234 4447 gr.
2265 4375 2500 4442 blindan,

175 4453 369 4532 (annus)
395 4464 558 4516 trium
582 4465 907 4536 syllabarum
931 4464 1110 4517 locum
1135 4464 1384 4533 implens.
1424 4501 1435 4512 .

259 4558 379 4599 von.
409 4549 484 4599 ΙΙ.
1982 4556 2060 4611 59
