<?xml version="1.0" encoding="UTF-8"?>
<!DOCTYPE html PUBLIC "-//W3C//DTD XHTML 1.0 Transitional//EN"
    "http://www.w3.org/TR/xhtml1/DTD/xhtml1-transitional.dtd">
<html xmlns="http://www.w3.org/1999/xhtml" xml:lang="en" lang="en">
 <head>
  <title>
</title>
<meta http-equiv="Content-Type" content="text/html;charset=utf-8" />
  <meta name='ocr-system' content='tesseract 3.04.00' />
  <meta name='ocr-capabilities' content='ocr_page ocr_carea ocr_par ocr_line ocrx_word'/>
</head>
<body>
  <div class='ocr_page' id='page_1' title='image "./grammaticacelti04zeusgoog_0400.png"; bbox 0 0 3150 5242; ppageno 0'>
   <div class='ocr_carea' id='block_1_1' title="bbox 635 408 2549 474">
    <p class='ocr_par' dir='ltr' id='par_1_1' title="bbox 635 408 2549 474">
     <span class='ocr_line' id='line_1_1' title="bbox 635 408 2549 474; baseline 0.002 -7"><span class='ocrx_word' id='word_1_1' title='bbox 635 409 759 469; x_wconf 73' lang='lat'>948</span> <span class='ocrx_word' id='word_1_2' title='bbox 1051 412 1168 472; x_wconf 88' lang='lat' dir='ltr'>VI.</span> <span class='ocrx_word' id='word_1_3' title='bbox 1210 415 1269 472; x_wconf 85' lang='lat'>2.</span> <span class='ocrx_word' id='word_1_4' title='bbox 1328 429 1776 474; x_wconf 70' lang='lat' dir='ltr'>coNs&#39;arcrlo</span> <span class='ocrx_word' id='word_1_5' title='bbox 1809 428 2085 473; x_wconf 68' lang='lat' dir='ltr'>PoE‘rch</span> <span class='ocrx_word' id='word_1_6' title='bbox 2118 408 2549 473; x_wconf 75' lang='lat' dir='ltr'>Bm&#39;rANNICA.</span> 
     </span>
    </p>
   </div>
   <div class='ocr_carea' id='block_1_2' title="bbox 633 577 3000 3102">
    <p class='ocr_par' dir='ltr' id='par_1_2' title="bbox 635 577 2967 875">
     <span class='ocr_line' id='line_1_2' title="bbox 806 577 2964 663; baseline -0.001 -22"><span class='ocrx_word' id='word_1_7' title='bbox 806 580 921 642; x_wconf 89' lang='lat' dir='ltr'>Est</span> <span class='ocrx_word' id='word_1_8' title='bbox 954 580 1134 662; x_wconf 87' lang='lat' dir='ltr'>quasi</span> <span class='ocrx_word' id='word_1_9' title='bbox 1166 601 1381 643; x_wconf 87' lang='lat' dir='ltr'>versus</span> <span class='ocrx_word' id='word_1_10' title='bbox 1416 580 1614 643; x_wconf 83' lang='lat' dir='ltr'>trium</span> <span class='ocrx_word' id='word_1_11' title='bbox 1642 582 2090 655; x_wconf 85' lang='lat' dir='ltr'>membrorum,</span> <span class='ocrx_word' id='word_1_12' title='bbox 2122 601 2392 663; x_wconf 93' lang='lat' dir='ltr'>quorum</span> <span class='ocrx_word' id='word_1_13' title='bbox 2423 577 2691 661; x_wconf 88' lang='lat' dir='ltr'>quodvis</span> <span class='ocrx_word' id='word_1_14' title='bbox 2722 588 2818 640; x_wconf 89' lang='lat' dir='ltr'>est</span> <span class='ocrx_word' id='word_1_15' title='bbox 2849 578 2964 661; x_wconf 78' lang='lat' dir='ltr'>syl-</span> 
     </span>
     <span class='ocr_line' id='line_1_3' title="bbox 635 676 2967 769; baseline -0 -22"><span class='ocrx_word' id='word_1_16' title='bbox 635 686 921 748; x_wconf 86' lang='lat' dir='ltr'><strong>labarum</strong></span> <span class='ocrx_word' id='word_1_17' title='bbox 968 697 1230 768; x_wconf 83' lang='lat' dir='ltr'><strong>septem,</strong></span> <span class='ocrx_word' id='word_1_18' title='bbox 1268 698 1531 769; x_wconf 83' lang='lat' dir='ltr'>excepto</span> <span class='ocrx_word' id='word_1_19' title='bbox 1574 687 1840 749; x_wconf 89' lang='lat' dir='ltr'>fortasse</span> <span class='ocrx_word' id='word_1_20' title='bbox 1881 688 2159 748; x_wconf 86' lang='lat' dir='ltr'>secundo</span> <span class='ocrx_word' id='word_1_21' title='bbox 2199 676 2544 748; x_wconf 84' lang='lat' dir='ltr'>excedente</span> <span class='ocrx_word' id='word_1_22' title='bbox 2573 706 2724 747; x_wconf 89' lang='lat' dir='ltr'>eum</span> <span class='ocrx_word' id='word_1_23' title='bbox 2751 706 2967 746; x_wconf 89' lang='lat' dir='ltr'>nume-</span> 
     </span>
     <span class='ocr_line' id='line_1_4' title="bbox 638 792 2337 875; baseline 0 -22"><span class='ocrx_word' id='word_1_24' title='bbox 638 814 781 854; x_wconf 92' lang='lat' dir='ltr'>rum</span> <span class='ocrx_word' id='word_1_25' title='bbox 811 814 941 854; x_wconf 87' lang='lat' dir='ltr'>una</span> <span class='ocrx_word' id='word_1_26' title='bbox 974 793 1215 874; x_wconf 71' lang='lat' dir='ltr'>syllaba</span> <span class='ocrx_word' id='word_1_27' title='bbox 1245 792 1506 854; x_wconf 92' lang='lat' dir='ltr'>minoris</span> <span class='ocrx_word' id='word_1_28' title='bbox 1540 804 1838 855; x_wconf 87' lang='lat' dir='ltr'>accentus</span> <span class='ocrx_word' id='word_1_29' title='bbox 1870 792 1948 855; x_wconf 79' lang='lat' dir='ltr'>he</span> <span class='ocrx_word' id='word_1_30' title='bbox 1975 792 2337 875; x_wconf 88' lang='lat' dir='ltr'>praemissa.</span> 
     </span>
    </p>

    <p class='ocr_par' dir='ltr' id='par_1_3' title="bbox 633 896 3000 2045">
     <span class='ocr_line' id='line_1_5' title="bbox 805 896 3000 982; baseline 0 -23"><span class='ocrx_word' id='word_1_31' title='bbox 805 898 1044 959; x_wconf 86' lang='lat' dir='ltr'>Eadem</span> <span class='ocrx_word' id='word_1_32' title='bbox 1090 898 1474 975; x_wconf 77' lang='lat' dir='ltr'>constructio</span> <span class='ocrx_word' id='word_1_33' title='bbox 1521 898 1823 960; x_wconf 87' lang='lat' dir='ltr'>orationis</span> <span class='ocrx_word' id='word_1_34' title='bbox 1863 899 2149 982; x_wconf 72' lang='lat' dir='ltr'>poeticae</span> <span class='ocrx_word' id='word_1_35' title='bbox 2193 897 2689 982; x_wconf 84' lang='lat' dir='ltr'>deprehenditur</span> <span class='ocrx_word' id='word_1_36' title='bbox 2731 897 2800 959; x_wconf 90' lang='lat' dir='ltr'>in</span> <span class='ocrx_word' id='word_1_37' title='bbox 2834 896 3000 959; x_wconf 90' lang='lat' dir='ltr'>aliis·</span> 
     </span>
     <span class='ocr_line' id='line_1_6' title="bbox 635 1003 2965 1087; baseline -0 -22"><span class='ocrx_word' id='word_1_38' title='bbox 635 1003 1019 1066; x_wconf 83' lang='lat' dir='ltr'>carminibus</span> <span class='ocrx_word' id='word_1_39' title='bbox 1053 1003 1243 1065; x_wconf 89' lang='lat' dir='ltr'>etiam</span> <span class='ocrx_word' id='word_1_40' title='bbox 1266 1003 1744 1066; x_wconf 84' lang='lat' dir='ltr'>recentioribuS.</span> <span class='ocrx_word' id='word_1_41' title='bbox 1798 1005 1853 1066; x_wconf 90' lang='lat' dir='ltr'>E</span> <span class='ocrx_word' id='word_1_42' title='bbox 1875 1005 2036 1067; x_wconf 90' lang='lat' dir='ltr'>libro</span> <span class='ocrx_word' id='word_1_43' title='bbox 2060 1004 2227 1067; x_wconf 88' lang='lat' dir='ltr'>dicto</span> <span class='ocrx_word' id='word_1_44' title='bbox 2251 1003 2435 1087; x_wconf 87' lang='lat' dir='ltr'>nigro</span> <span class='ocrx_word' id='word_1_45' title='bbox 2460 1004 2965 1066; x_wconf 84' lang='lat' dir='ltr'>Caermarthensi</span> 
     </span>
     <span class='ocr_line' id='line_1_7' title="bbox 636 1108 2967 1193; baseline 0.001 -22"><span class='ocrx_word' id='word_1_46' title='bbox 636 1109 961 1191; x_wconf 86' lang='lat' dir='ltr'>Hengurti</span> <span class='ocrx_word' id='word_1_47' title='bbox 989 1118 1306 1171; x_wconf 85' lang='lat' dir='ltr'>asservato</span> <span class='ocrx_word' id='word_1_48' title='bbox 1330 1110 1409 1171; x_wconf 87' lang='lat' dir='ltr'>ad</span> <span class='ocrx_word' id='word_1_49' title='bbox 1433 1108 1649 1171; x_wconf 88' lang='lat' dir='ltr'>literas</span> <span class='ocrx_word' id='word_1_50' title='bbox 1674 1119 1738 1171; x_wconf 92' lang='lat' dir='ltr'>et</span> <span class='ocrx_word' id='word_1_51' title='bbox 1762 1109 1962 1173; x_wconf 90' lang='lat' dir='ltr'>lineas</span> <span class='ocrx_word' id='word_1_52' title='bbox 1982 1112 2291 1192; x_wconf 85' lang='lat' dir='ltr'>quaedam</span> <span class='ocrx_word' id='word_1_53' title='bbox 2306 1109 2551 1172; x_wconf 86' lang='lat' dir='ltr'>reddita</span> <span class='ocrx_word' id='word_1_54' title='bbox 2568 1110 2813 1172; x_wconf 90' lang='lat' dir='ltr'>suntin</span> <span class='ocrx_word' id='word_1_55' title='bbox 2832 1133 2967 1193; x_wconf 87' lang='lat' dir='ltr'>ope-</span> 
     </span>
     <span class='ocr_line' id='line_1_8' title="bbox 633 1208 2962 1299; baseline 0 -22"><span class='ocrx_word' id='word_1_56' title='bbox 633 1215 718 1277; x_wconf 91' lang='lat' dir='ltr'>ris</span> <span class='ocrx_word' id='word_1_57' title='bbox 744 1214 1032 1298; x_wconf 86' lang='lat' dir='ltr'>inscripti</span> <span class='ocrx_word' id='word_1_58' title='bbox 1049 1208 1235 1276; x_wconf 87' lang='lat' dir='ltr'>“The</span> <span class='ocrx_word' id='word_1_59' title='bbox 1254 1214 1593 1298; x_wconf 85' lang='lat' dir='ltr'>Myvyrian</span> <span class='ocrx_word' id='word_1_60' title='bbox 1611 1208 2075 1299; x_wconf 79' lang='lat' dir='ltr'>Archaiology&#39;&#39;</span> <span class='ocrx_word' id='word_1_61' title='bbox 2093 1215 2296 1298; x_wconf 87' lang='lat' dir='ltr'>prima</span> <span class='ocrx_word' id='word_1_62' title='bbox 2319 1227 2498 1298; x_wconf 85' lang='lat' dir='ltr'>parte</span> <span class='ocrx_word' id='word_1_63' title='bbox 2514 1216 2663 1277; x_wconf 89' lang='lat' dir='ltr'>inde</span> <span class='ocrx_word' id='word_1_64' title='bbox 2680 1239 2716 1278; x_wconf 93' lang='lat' dir='ltr'>a</span> <span class='ocrx_word' id='word_1_65' title='bbox 2733 1238 2798 1298; x_wconf 89' lang='lat' dir='ltr'>p.</span> <span class='ocrx_word' id='word_1_66' title='bbox 2827 1224 2861 1277; x_wconf 86' lang='lat'>5</span> <span class='ocrx_word' id='word_1_67' title='bbox 2874 1226 2903 1276; x_wconf 94' lang='lat'><strong>7</strong></span> <span class='ocrx_word' id='word_1_68' title='bbox 2915 1224 2962 1277; x_wconf 84' lang='lat'>5.</span> 
     </span>
     <span class='ocr_line' id='line_1_9' title="bbox 634 1319 2967 1405; baseline 0.001 -23"><span class='ocrx_word' id='word_1_69' title='bbox 634 1321 792 1404; x_wconf 91' lang='lat' dir='ltr'>Ejus</span> <span class='ocrx_word' id='word_1_70' title='bbox 840 1320 1072 1382; x_wconf 81' lang='lat' dir='ltr'>codicis</span> <span class='ocrx_word' id='word_1_71' title='bbox 1107 1319 1517 1402; x_wconf 83' lang='lat' dir='ltr'>posteriorem</span> <span class='ocrx_word' id='word_1_72' title='bbox 1546 1331 1794 1404; x_wconf 87' lang='lat' dir='ltr'>partem</span> <span class='ocrx_word' id='word_1_73' title='bbox 1825 1322 2124 1405; x_wconf 86' lang='lat' dir='ltr'>scriptam</span> <span class='ocrx_word' id='word_1_74' title='bbox 2155 1343 2290 1384; x_wconf 90' lang='lat' dir='ltr'>esse</span> <span class='ocrx_word' id='word_1_75' title='bbox 2322 1322 2572 1384; x_wconf 85' lang='lat' dir='ltr'>saeculo</span> <span class='ocrx_word' id='word_1_76' title='bbox 2603 1322 2967 1384; x_wconf 87' lang='lat' dir='ltr'>duodecimo</span> 
     </span>
     <span class='ocr_line' id='line_1_10' title="bbox 634 1426 2966 1512; baseline 0 -22"><span class='ocrx_word' id='word_1_77' title='bbox 634 1449 830 1510; x_wconf 83' lang='lat' dir='ltr'>eaque</span> <span class='ocrx_word' id='word_1_78' title='bbox 876 1427 1079 1488; x_wconf 89' lang='lat' dir='ltr'>multo</span> <span class='ocrx_word' id='word_1_79' title='bbox 1125 1426 1534 1489; x_wconf 88' lang='lat' dir='ltr'>vetustiorem</span> <span class='ocrx_word' id='word_1_80' title='bbox 1571 1426 1770 1490; x_wconf 85' lang='lat' dir='ltr'>videri</span> <span class='ocrx_word' id='word_1_81' title='bbox 1798 1438 2046 1509; x_wconf 86' lang='lat' dir='ltr'>partem</span> <span class='ocrx_word' id='word_1_82' title='bbox 2074 1427 2347 1509; x_wconf 84' lang='lat' dir='ltr'>priorem</span> <span class='ocrx_word' id='word_1_83' title='bbox 2378 1438 2592 1490; x_wconf 86' lang='lat' dir='ltr'>censet</span> <span class='ocrx_word' id='word_1_84' title='bbox 2625 1428 2966 1512; x_wconf 80' lang='lat' dir='ltr'>Lhwydius</span> 
     </span>
     <span class='ocr_line' id='line_1_11' title="bbox 636 1532 2964 1618; baseline -0.001 -21"><span class='ocrx_word' id='word_1_85' title='bbox 636 1533 994 1616; x_wconf 86' lang='lat' dir='ltr'>(Archaeol.</span> <span class='ocrx_word' id='word_1_86' title='bbox 1020 1532 1183 1594; x_wconf 85' lang='lat' dir='ltr'>Brit.</span> <span class='ocrx_word' id='word_1_87' title='bbox 1206 1554 1272 1615; x_wconf 91' lang='lat' dir='ltr'>p.</span> <span class='ocrx_word' id='word_1_88' title='bbox 1295 1536 1439 1595; x_wconf 84' lang='lat'>225.</span> <span class='ocrx_word' id='word_1_89' title='bbox 1474 1538 1587 1595; x_wconf 87' lang='grc'>261</span> <span class='ocrx_word' id='word_1_90' title='bbox 1616 1559 1633 1609; x_wconf 86' lang='lat'>3</span> <span class='ocrx_word' id='word_1_91' title='bbox 1665 1533 1745 1595; x_wconf 90' lang='lat' dir='ltr'>cf.</span> <span class='ocrx_word' id='word_1_92' title='bbox 1767 1534 2037 1595; x_wconf 86' lang='lat' dir='ltr'>Turner.</span> <span class='ocrx_word' id='word_1_93' title='bbox 2058 1534 2383 1597; x_wconf 87' lang='lat' dir='ltr'>Vindicat.</span> <span class='ocrx_word' id='word_1_94' title='bbox 2403 1557 2467 1616; x_wconf 89' lang='lat' dir='ltr'>p.</span> <span class='ocrx_word' id='word_1_95' title='bbox 2491 1539 2566 1618; x_wconf 59' lang='lat'>251</span> <span class='ocrx_word' id='word_1_96' title='bbox 2585 1537 2739 1617; x_wconf 88' lang='lat' dir='ltr'>sq.).</span> <span class='ocrx_word' id='word_1_97' title='bbox 2781 1534 2964 1616; x_wconf 87' lang='lat' dir='ltr'>Equi-</span> 
     </span>
     <span class='ocr_line' id='line_1_12' title="bbox 633 1637 2965 1722; baseline -0 -17"><span class='ocrx_word' id='word_1_98' title='bbox 633 1644 777 1705; x_wconf 90' lang='lat' dir='ltr'>dem</span> <span class='ocrx_word' id='word_1_99' title='bbox 810 1652 1025 1703; x_wconf 89' lang='lat' dir='ltr'>tamen</span> <span class='ocrx_word' id='word_1_100' title='bbox 1059 1637 1461 1721; x_wconf 84' lang='lat' dir='ltr'>scriptionem</span> <span class='ocrx_word' id='word_1_101' title='bbox 1495 1638 1917 1721; x_wconf 86' lang='lat' dir='ltr'>speciminum</span> <span class='ocrx_word' id='word_1_102' title='bbox 1946 1641 2303 1702; x_wconf 88' lang='lat' dir='ltr'>oblatorum</span> <span class='ocrx_word' id='word_1_103' title='bbox 2326 1639 2395 1701; x_wconf 90' lang='lat' dir='ltr'>in</span> <span class='ocrx_word' id='word_1_104' title='bbox 2419 1661 2605 1722; x_wconf 88' lang='lat' dir='ltr'>opere</span> <span class='ocrx_word' id='word_1_105' title='bbox 2628 1652 2965 1704; x_wconf 89' lang='lat' dir='ltr'>memorato</span> 
     </span>
     <span class='ocr_line' id='line_1_13' title="bbox 634 1744 2964 1831; baseline -0.001 -20"><span class='ocrx_word' id='word_1_106' title='bbox 634 1769 817 1831; x_wconf 87' lang='lat' dir='ltr'>aegre</span> <span class='ocrx_word' id='word_1_107' title='bbox 843 1744 1277 1809; x_wconf 89' lang='lat' dir='ltr'>transtulerim</span> <span class='ocrx_word' id='word_1_108' title='bbox 1300 1744 1468 1806; x_wconf 86' lang='lat' dir='ltr'>ultra</span> <span class='ocrx_word' id='word_1_109' title='bbox 1492 1744 1817 1807; x_wconf 88' lang='lat' dir='ltr'>saeculum</span> <span class='ocrx_word' id='word_1_110' title='bbox 1841 1745 2309 1822; x_wconf 87' lang='lat' dir='ltr'>duodecimum,</span> <span class='ocrx_word' id='word_1_111' title='bbox 2332 1768 2536 1829; x_wconf 89' lang='lat' dir='ltr'>neque</span> <span class='ocrx_word' id='word_1_112' title='bbox 2557 1746 2750 1809; x_wconf 87' lang='lat' dir='ltr'>velim</span> <span class='ocrx_word' id='word_1_113' title='bbox 2768 1769 2964 1810; x_wconf 88' lang='lat' dir='ltr'>assen-</span> 
     </span>
     <span class='ocr_line' id='line_1_14' title="bbox 635 1850 2959 1934; baseline -0.001 -17"><span class='ocrx_word' id='word_1_114' title='bbox 635 1855 751 1918; x_wconf 89' lang='lat' dir='ltr'>tire</span> <span class='ocrx_word' id='word_1_115' title='bbox 776 1854 1040 1927; x_wconf 84' lang='lat' dir='ltr'>Owen0‚</span> <span class='ocrx_word' id='word_1_116' title='bbox 1072 1851 1182 1934; x_wconf 92' lang='lat' dir='ltr'>qui</span> <span class='ocrx_word' id='word_1_117' title='bbox 1205 1850 1486 1913; x_wconf 83' lang='lat' dir='ltr'>codicem</span> <span class='ocrx_word' id='word_1_118' title='bbox 1510 1850 1763 1912; x_wconf 85' lang='lat' dir='ltr'>saeculo</span> <span class='ocrx_word' id='word_1_119' title='bbox 1789 1850 2033 1914; x_wconf 89' lang='lat' dir='ltr'>decimo</span> <span class='ocrx_word' id='word_1_120' title='bbox 2057 1851 2311 1914; x_wconf 88' lang='lat' dir='ltr'>ineunti</span> <span class='ocrx_word' id='word_1_121' title='bbox 2334 1853 2627 1915; x_wconf 89' lang='lat' dir='ltr'>attribuit</span> <span class='ocrx_word' id='word_1_122' title='bbox 2654 1853 2959 1934; x_wconf 90' lang='lat' dir='ltr'>(Gramm.</span> 
     </span>
     <span class='ocr_line' id='line_1_15' title="bbox 635 1956 2958 2045; baseline -0.001 -23"><span class='ocrx_word' id='word_1_123' title='bbox 635 1984 697 2045; x_wconf 91' lang='lat' dir='ltr'>p.</span> <span class='ocrx_word' id='word_1_124' title='bbox 743 1965 830 2042; x_wconf 89' lang='lat'>7),</span> <span class='ocrx_word' id='word_1_125' title='bbox 867 1960 1063 2021; x_wconf 92' lang='lat' dir='ltr'>immo</span> <span class='ocrx_word' id='word_1_126' title='bbox 1107 1956 1259 2019; x_wconf 88' lang='lat' dir='ltr'>alibi</span> <span class='ocrx_word' id='word_1_127' title='bbox 1301 1976 1471 2018; x_wconf 92' lang='lat' dir='ltr'>nono</span> <span class='ocrx_word' id='word_1_128' title='bbox 1514 1956 1767 2018; x_wconf 83' lang='lat' dir='ltr'>saeculo</span> <span class='ocrx_word' id='word_1_129' title='bbox 1800 1956 1896 2037; x_wconf 90' lang='lat' dir='ltr'>(in</span> <span class='ocrx_word' id='word_1_130' title='bbox 1927 1959 2087 2019; x_wconf 84' lang='lat' dir='ltr'>Lex.</span> <span class='ocrx_word' id='word_1_131' title='bbox 2125 1960 2359 2021; x_wconf 85' lang='lat' dir='ltr'>cambr.</span> <span class='ocrx_word' id='word_1_132' title='bbox 2400 1960 2685 2021; x_wconf 28' lang='lat' dir='ltr'>subffine</span> <span class='ocrx_word' id='word_1_133' title='bbox 2717 1959 2958 2042; x_wconf 70' lang='lat' dir='ltr'>praefi).</span> 
     </span>
    </p>

    <p class='ocr_par' dir='ltr' id='par_1_4' title="bbox 641 2051 2963 2257">
     <span class='ocr_line' id='line_1_16' title="bbox 714 2051 2963 2148; baseline -0.001 -19"><span class='ocrx_word' id='word_1_134' title='bbox 714 2051 720 2059; x_wconf 39' lang='lat'>⁸</span> <span class='ocrx_word' id='word_1_135' title='bbox 805 2067 862 2129; x_wconf 87' lang='lat' dir='ltr'><strong>E</strong></span> <span class='ocrx_word' id='word_1_136' title='bbox 894 2063 1169 2127; x_wconf 85' lang='lat' dir='ltr'>carmine</span> <span class='ocrx_word' id='word_1_137' title='bbox 1202 2062 1265 2124; x_wconf 90' lang='lat' dir='ltr'>in</span> <span class='ocrx_word' id='word_1_138' title='bbox 1300 2063 1492 2124; x_wconf 90' lang='lat' dir='ltr'>deum</span> <span class='ocrx_word' id='word_1_139' title='bbox 1524 2061 1614 2124; x_wconf 89' lang='lat' dir='ltr'>ibi</span> <span class='ocrx_word' id='word_1_140' title='bbox 1646 2062 1829 2124; x_wconf 91' lang='lat' dir='ltr'>obvio</span> <span class='ocrx_word' id='word_1_141' title='bbox 1855 2064 2135 2146; x_wconf 79' lang='lat' dir='ltr'>(Myvyr.</span> <span class='ocrx_word' id='word_1_142' title='bbox 2167 2064 2487 2127; x_wconf 82' lang='lat' dir='ltr'>Archaiol.</span> <span class='ocrx_word' id='word_1_143' title='bbox 2517 2088 2583 2148; x_wconf 90' lang='lat' dir='ltr'>p.</span> <span class='ocrx_word' id='word_1_144' title='bbox 2615 2068 2771 2147; x_wconf 82' lang='lat'>575)</span> <span class='ocrx_word' id='word_1_145' title='bbox 2798 2087 2963 2128; x_wconf 91' lang='lat' dir='ltr'>sumo</span> 
     </span>
     <span class='ocr_line' id='line_1_17' title="bbox 641 2166 2690 2257; baseline -0.001 -21"><span class='ocrx_word' id='word_1_146' title='bbox 641 2172 838 2257; x_wconf 85' lang='lat' dir='ltr'>partis</span> <span class='ocrx_word' id='word_1_147' title='bbox 869 2169 1233 2255; x_wconf 84' lang='lat' dir='ltr'>posterioris</span> <span class='ocrx_word' id='word_1_148' title='bbox 1266 2189 1483 2230; x_wconf 91' lang='lat' dir='ltr'>versus</span> <span class='ocrx_word' id='word_1_149' title='bbox 1515 2166 1632 2230; x_wconf 91' lang='lat' dir='ltr'>hos</span> <span class='ocrx_word' id='word_1_150' title='bbox 1664 2167 1801 2229; x_wconf 87' lang='lat' dir='ltr'>sinc</span> <span class='ocrx_word' id='word_1_151' title='bbox 1832 2167 2240 2231; x_wconf 78' lang='lat' dir='ltr'>distinetione</span> <span class='ocrx_word' id='word_1_152' title='bbox 2269 2169 2361 2232; x_wconf 85' lang='lat' dir='ltr'>ita</span> <span class='ocrx_word' id='word_1_153' title='bbox 2392 2170 2690 2254; x_wconf 88' lang='lat' dir='ltr'>scriptos:</span> 
     </span>
    </p>

    <p class='ocr_par' dir='ltr' id='par_1_5' title="bbox 635 2273 2962 3102">
     <span class='ocr_line' id='line_1_18' title="bbox 804 2273 2960 2360; baseline -0 -20"><span class='ocrx_word' id='word_1_154' title='bbox 804 2276 1214 2341; x_wconf 72' lang='lat' dir='ltr'>Arduz&#39;reaue</span> <span class='ocrx_word' id='word_1_155' title='bbox 1256 2275 1389 2336; x_wconf 77' lang='lat' dir='ltr'>dev.</span> <span class='ocrx_word' id='word_1_156' title='bbox 1424 2273 1564 2357; x_wconf 74' lang='lat' dir='ltr'>yssi</span> <span class='ocrx_word' id='word_1_157' title='bbox 1606 2295 1685 2335; x_wconf 81' lang='lat' dir='ltr'>vn</span> <span class='ocrx_word' id='word_1_158' title='bbox 1731 2296 1772 2336; x_wconf 86' lang='lat' dir='ltr'><strong><em>a</em></strong></span> <span class='ocrx_word' id='word_1_159' title='bbox 1817 2275 1961 2336; x_wconf 77' lang='lat' dir='ltr'>deu.</span> <span class='ocrx_word' id='word_1_160' title='bbox 1995 2275 2136 2358; x_wconf 74' lang='lat' dir='ltr'>yssi</span> <span class='ocrx_word' id='word_1_161' title='bbox 2177 2275 2266 2338; x_wconf 84' lang='lat' dir='ltr'>tri</span> <span class='ocrx_word' id='word_1_162' title='bbox 2305 2275 2424 2358; x_wconf 74' lang='lat' dir='ltr'>hep</span> <span class='ocrx_word' id='word_1_163' title='bbox 2470 2298 2560 2338; x_wconf 83' lang='lat' dir='ltr'>ev.</span> <span class='ocrx_word' id='word_1_164' title='bbox 2596 2276 2719 2359; x_wconf 79' lang='lat' dir='ltr'>hep</span> <span class='ocrx_word' id='word_1_165' title='bbox 2750 2276 2960 2360; x_wconf 75' lang='lat' dir='ltr'>kau&#39;ty</span> 
     </span>
     <span class='ocr_line' id='line_1_19' title="bbox 637 2378 2959 2467; baseline -0.003 -18"><span class='ocrx_word' id='word_1_166' title='bbox 637 2384 879 2449; x_wconf 79' lang='lat' dir='ltr'>amhev.</span> <span class='ocrx_word' id='word_1_167' title='bbox 930 2379 1219 2444; x_wconf 71' lang='lat' dir='ltr'>azenaeth</span> <span class='ocrx_word' id='word_1_168' title='bbox 1250 2378 1480 2463; x_wconf 76' lang='lat' dir='ltr'>fruitk</span> <span class='ocrx_word' id='word_1_169' title='bbox 1521 2379 1714 2462; x_wconf 81' lang='lat' dir='ltr'>afreu</span> <span class='ocrx_word' id='word_1_170' title='bbox 1756 2380 1936 2463; x_wconf 82' lang='lat' dir='ltr'>afop.</span> <span class='ocrx_word' id='word_1_171' title='bbox 1989 2380 2357 2464; x_wconf 66' lang='lat' dir='ltr'>amrffz’u.</span> <span class='ocrx_word' id='word_1_172' title='bbox 2437 2384 2598 2449; x_wconf 74' lang='lat' dir='ltr'>Dua</span> <span class='ocrx_word' id='word_1_173' title='bbox 2638 2406 2681 2467; x_wconf 99' lang='grc'><strong><em>9</em></strong></span> <span class='ocrx_word' id='word_1_174' title='bbox 2727 2406 2857 2446; x_wconf 79' lang='lat' dir='ltr'>eno.</span> <span class='ocrx_word' id='word_1_175' title='bbox 2902 2382 2959 2443; x_wconf 74' lang='lat' dir='ltr'>in</span> 
     </span>
     <span class='ocr_line' id='line_1_20' title="bbox 639 2482 2961 2574; baseline -0.003 -19"><span class='ocrx_word' id='word_1_176' title='bbox 639 2493 783 2554; x_wconf 78' lang='lat' dir='ltr'>deu.</span> <span class='ocrx_word' id='word_1_177' title='bbox 820 2488 1114 2574; x_wconf 76' lang='lat' dir='ltr'>duyuaul</span> <span class='ocrx_word' id='word_1_178' title='bbox 1151 2511 1191 2572; x_wconf 82' lang='grc'><strong><em>9</em></strong></span> <span class='ocrx_word' id='word_1_179' title='bbox 1240 2482 1520 2570; x_wconf 77' lang='lat' dir='ltr'>kyffreu.</span> <span class='ocrx_word' id='word_1_180' title='bbox 1570 2486 1702 2547; x_wconf 76' lang='lat' dir='ltr'>dua</span> <span class='ocrx_word' id='word_1_181' title='bbox 1731 2508 1774 2569; x_wconf 99' lang='grc'><strong><em>9</em></strong></span> <span class='ocrx_word' id='word_1_182' title='bbox 1806 2508 1940 2548; x_wconf 76' lang='lat' dir='ltr'>eno.</span> <span class='ocrx_word' id='word_1_183' title='bbox 1988 2486 2056 2549; x_wconf 77' lang='lat' dir='ltr'>in</span> <span class='ocrx_word' id='word_1_184' title='bbox 2089 2486 2179 2549; x_wconf 78' lang='lat' dir='ltr'>tri</span> <span class='ocrx_word' id='word_1_185' title='bbox 2205 2488 2542 2571; x_wconf 75' lang='lat' dir='ltr'>duyuuaul</span> <span class='ocrx_word' id='word_1_186' title='bbox 2563 2512 2606 2573; x_wconf 99' lang='grc'><strong><em>9</em></strong></span> <span class='ocrx_word' id='word_1_187' title='bbox 2639 2489 2797 2552; x_wconf 77' lang='lat' dir='ltr'>inni.</span> <span class='ocrx_word' id='word_1_188' title='bbox 2847 2491 2961 2551; x_wconf 70' lang='lat' dir='ltr'>decu</span> 
     </span>
     <span class='ocr_line' id='line_1_21' title="bbox 635 2589 2952 2683; baseline -0.002 -22"><span class='ocrx_word' id='word_1_189' title='bbox 635 2621 677 2683; x_wconf 91' lang='grc'><strong><em>9</em></strong></span> <span class='ocrx_word' id='word_1_190' title='bbox 722 2619 843 2661; x_wconf 74' lang='lat' dir='ltr'>ena</span> <span class='ocrx_word' id='word_1_191' title='bbox 884 2595 951 2659; x_wconf 78' lang='lat' dir='ltr'>in</span> <span class='ocrx_word' id='word_1_192' title='bbox 994 2618 1096 2658; x_wconf 68' lang='lat' dir='ltr'>vn.</span> <span class='ocrx_word' id='word_1_193' title='bbox 1138 2591 1423 2657; x_wconf 80' lang='lat' dir='ltr'>duuvaul</span> <span class='ocrx_word' id='word_1_194' title='bbox 1446 2612 1522 2653; x_wconf 83' lang='lat' dir='ltr'>ac</span> <span class='ocrx_word' id='word_1_195' title='bbox 1552 2589 1837 2655; x_wconf 80' lang='lat' dir='ltr'>annhzm.</span> <span class='ocrx_word' id='word_1_196' title='bbox 1872 2594 2320 2682; x_wconf 76' lang='lat' dir='ltr'>Arduyreaue.</span> <span class='ocrx_word' id='word_1_197' title='bbox 2358 2616 2459 2657; x_wconf 81' lang='lat' dir='ltr'>vn.</span> <span class='ocrx_word' id='word_1_198' title='bbox 2497 2595 2594 2680; x_wconf 74' lang='lat' dir='ltr'>isy</span> <span class='ocrx_word' id='word_1_199' title='bbox 2624 2597 2744 2659; x_wconf 81' lang='lat' dir='ltr'>deu</span> <span class='ocrx_word' id='word_1_200' title='bbox 2766 2619 2838 2659; x_wconf 79' lang='lat' dir='ltr'>ac</span> <span class='ocrx_word' id='word_1_201' title='bbox 2858 2618 2952 2658; x_wconf 80' lang='lat' dir='ltr'>un.</span> 
     </span>
     <span class='ocr_line' id='line_1_22' title="bbox 639 2697 2962 2782; baseline -0.003 -14"><span class='ocrx_word' id='word_1_202' title='bbox 639 2704 758 2768; x_wconf 75' lang='lat' dir='ltr'>issi</span> <span class='ocrx_word' id='word_1_203' title='bbox 799 2703 888 2766; x_wconf 82' lang='lat' dir='ltr'>tri</span> <span class='ocrx_word' id='word_1_204' title='bbox 928 2723 1160 2765; x_wconf 64' lang='lat' dir='ltr'>armen.</span> <span class='ocrx_word' id='word_1_205' title='bbox 1200 2698 1319 2761; x_wconf 76' lang='lat' dir='ltr'>issi</span> <span class='ocrx_word' id='word_1_206' title='bbox 1356 2699 1488 2760; x_wconf 76' lang='lat' dir='ltr'>dau</span> <span class='ocrx_word' id='word_1_207' title='bbox 1530 2721 1573 2782; x_wconf 93' lang='grc'><strong><em>9</em></strong></span> <span class='ocrx_word' id='word_1_208' title='bbox 1616 2697 1770 2761; x_wconf 76' lang='lat' dir='ltr'>kun.</span> <span class='ocrx_word' id='word_1_209' title='bbox 1836 2699 2137 2762; x_wconf 76' lang='lat' dir='ltr'>Annaetk</span> <span class='ocrx_word' id='word_1_210' title='bbox 2168 2700 2425 2763; x_wconf 75' lang='lat' dir='ltr'>maurth</span> <span class='ocrx_word' id='word_1_211' title='bbox 2456 2702 2659 2766; x_wconf 80' lang='lat' dir='ltr'>allun.</span> <span class='ocrx_word' id='word_1_212' title='bbox 2696 2701 2962 2766; x_wconf 75' lang='lat' dir='ltr'>amasczcl</span> 
     </span>
     <span class='ocr_line' id='line_1_23' title="bbox 638 2804 2954 2888; baseline -0.002 -16"><span class='ocrx_word' id='word_1_213' title='bbox 638 2811 827 2872; x_wconf 79' lang='lat' dir='ltr'>abun.</span> <span class='ocrx_word' id='word_1_214' title='bbox 881 2830 957 2869; x_wconf 83' lang='lat' dir='ltr'>ac</span> <span class='ocrx_word' id='word_1_215' title='bbox 997 2815 1112 2869; x_wconf 73' lang='lat' dir='ltr'>nat</span> <span class='ocrx_word' id='word_1_216' title='bbox 1154 2806 1446 2888; x_wconf 79' lang='lat' dir='ltr'>kyuorzm</span> <span class='ocrx_word' id='word_1_217' title='bbox 1493 2804 1604 2866; x_wconf 72' lang='lat' dir='ltr'>bas</span> <span class='ocrx_word' id='word_1_218' title='bbox 1649 2827 1725 2866; x_wconf 83' lang='lat' dir='ltr'>ac</span> <span class='ocrx_word' id='word_1_219' title='bbox 1770 2814 2028 2869; x_wconf 70' lang='lat' dir='ltr'>(motem.</span> <span class='ocrx_word' id='word_1_220' title='bbox 2093 2807 2397 2869; x_wconf 71' lang='lat' dir='ltr'>Annaetk</span> <span class='ocrx_word' id='word_1_221' title='bbox 2444 2808 2600 2871; x_wconf 78' lang='lat' dir='ltr'>tuim</span> <span class='ocrx_word' id='word_1_222' title='bbox 2647 2832 2722 2871; x_wconf 83' lang='lat' dir='ltr'>ac</span> <span class='ocrx_word' id='word_1_223' title='bbox 2763 2830 2879 2870; x_wconf 85' lang='lat' dir='ltr'>oer.</span> <span class='ocrx_word' id='word_1_224' title='bbox 2920 2829 2954 2867; x_wconf 88' lang='grc' dir='ltr'><em>α</em></span> 
     </span>
     <span class='ocr_line' id='line_1_24' title="bbox 639 2908 2947 2995; baseline -0.003 -17"><span class='ocrx_word' id='word_1_225' title='bbox 639 2915 792 2979; x_wconf 78' lang='lat' dir='ltr'>heul</span> <span class='ocrx_word' id='word_1_226' title='bbox 829 2937 869 2976; x_wconf 83' lang='lat' dir='ltr'>a</span> <span class='ocrx_word' id='word_1_227' title='bbox 915 2912 1090 2974; x_wconf 85' lang='lat' dir='ltr'>lloer.</span> <span class='ocrx_word' id='word_1_228' title='bbox 1127 2908 1397 2994; x_wconf 75' lang='lat' dir='ltr'>allythir</span> <span class='ocrx_word' id='word_1_229' title='bbox 1438 2908 1645 2992; x_wconf 74' lang='lat' dir='ltr'>iqcuir</span> <span class='ocrx_word' id='word_1_230' title='bbox 1674 2911 1908 2995; x_wconf 84' lang='lat' dir='ltr'>afflam</span> <span class='ocrx_word' id='word_1_231' title='bbox 1940 2910 2311 2993; x_wconf 77' lang='lat' dir='ltr'>impabuir.</span> <span class='ocrx_word' id='word_1_232' title='bbox 2348 2914 2571 2976; x_wconf 72' lang='lat' dir='ltr'>aserck</span> <span class='ocrx_word' id='word_1_233' title='bbox 2602 2914 2670 2977; x_wconf 78' lang='lat' dir='ltr'>in</span> <span class='ocrx_word' id='word_1_234' title='bbox 2700 2912 2947 2978; x_wconf 75' lang='lat' dir='ltr'>sinkm’r.</span> 
     </span>
     <span class='ocr_line' id='line_1_25' title="bbox 640 3014 2362 3102; baseline -0.001 -19"><span class='ocrx_word' id='word_1_235' title='bbox 640 3021 807 3084; x_wconf 81' lang='lat' dir='ltr'>abun</span> <span class='ocrx_word' id='word_1_236' title='bbox 838 3019 1045 3102; x_wconf 68' lang='lat' dir='ltr'>hyqao·</span> <span class='ocrx_word' id='word_1_237' title='bbox 1076 3016 1247 3079; x_wconf 74' lang='lat' dir='ltr'>hair.</span> <span class='ocrx_word' id='word_1_238' title='bbox 1284 3014 1712 3097; x_wconf 74' lang='lat' dir='ltr'>alloscipimp</span> <span class='ocrx_word' id='word_1_239' title='bbox 1743 3016 1899 3079; x_wconf 81' lang='lat' dir='ltr'>kaer</span> <span class='ocrx_word' id='word_1_240' title='bbox 1930 3025 2031 3101; x_wconf 76' lang='lat' dir='ltr'>oty</span> <span class='ocrx_word' id='word_1_241' title='bbox 2063 3017 2197 3080; x_wconf 72' lang='lat' dir='ltr'>neti</span> <span class='ocrx_word' id='word_1_242' title='bbox 2222 3018 2362 3082; x_wconf 74' lang='lat' dir='ltr'>wir.</span> 
     </span>
    </p>
   </div>
   <div class='ocr_carea' id='block_1_3' title="bbox 642 3133 2946 3326">
    <p class='ocr_par' dir='ltr' id='par_1_6' title="bbox 642 3133 2946 3326">
     <span class='ocr_line' id='line_1_26' title="bbox 722 3133 2946 3216; baseline -0.001 -15"><span class='ocrx_word' id='word_1_243' title='bbox 722 3213 725 3216; x_wconf 8' lang='lat' dir='ltr'>y</span> <span class='ocrx_word' id='word_1_244' title='bbox 812 3135 942 3203; x_wconf 84' lang='lat' dir='ltr'>Qui</span> <span class='ocrx_word' id='word_1_245' title='bbox 986 3147 1139 3198; x_wconf 90' lang='lat' dir='ltr'>sunt</span> <span class='ocrx_word' id='word_1_246' title='bbox 1184 3133 1479 3197; x_wconf 90' lang='lat' dir='ltr'>membris</span> <span class='ocrx_word' id='word_1_247' title='bbox 1519 3136 1873 3198; x_wconf 85' lang='lat' dir='ltr'>secundum</span> <span class='ocrx_word' id='word_1_248' title='bbox 1903 3136 2295 3200; x_wconf 85' lang='lat' dir='ltr'>hibernicam</span> <span class='ocrx_word' id='word_1_249' title='bbox 2327 3137 2795 3204; x_wconf 86' lang='lat' dir='ltr'>distinctionem</span> <span class='ocrx_word' id='word_1_250' title='bbox 2824 3159 2946 3200; x_wconf 77' lang='lat' dir='ltr'>con·</span> 
     </span>
     <span class='ocr_line' id='line_1_27' title="bbox 642 3242 997 3326; baseline -0.008 -19"><span class='ocrx_word' id='word_1_251' title='bbox 642 3242 997 3326; x_wconf 84' lang='lat' dir='ltr'>trapositis:</span> 
     </span>
    </p>
   </div>
   <div class='ocr_carea' id='block_1_4' title="bbox 1098 3383 2573 4491">
    <p class='ocr_par' dir='ltr' id='par_1_7' title="bbox 1104 3383 2188 3470">
     <span class='ocr_line' id='line_1_28' title="bbox 1104 3383 2188 3470; baseline 0 -24"><span class='ocrx_word' id='word_1_252' title='bbox 1104 3389 1463 3446; x_wconf 76' lang='lat' dir='ltr'>Arduireaue</span> <span class='ocrx_word' id='word_1_253' title='bbox 1496 3384 1503 3469; x_wconf 98' lang='grc' dir='ltr'>Ι</span> <span class='ocrx_word' id='word_1_254' title='bbox 1531 3389 1644 3444; x_wconf 87' lang='lat' dir='ltr'>deu</span> <span class='ocrx_word' id='word_1_255' title='bbox 1678 3383 1698 3469; x_wconf 89' lang='grc' dir='ltr'>ΙΙ</span> <span class='ocrx_word' id='word_1_256' title='bbox 1733 3388 1836 3445; x_wconf 77' lang='lat' dir='ltr'>issi</span> <span class='ocrx_word' id='word_1_257' title='bbox 1862 3408 1940 3445; x_wconf 84' lang='lat' dir='ltr'>un</span> <span class='ocrx_word' id='word_1_258' title='bbox 1968 3409 2004 3445; x_wconf 83' lang='lat' dir='ltr'>a</span> <span class='ocrx_word' id='word_1_259' title='bbox 2038 3386 2044 3470; x_wconf 93' lang='grc' dir='ltr'>Ι</span> <span class='ocrx_word' id='word_1_260' title='bbox 2073 3390 2188 3446; x_wconf 89' lang='lat' dir='ltr'>deu</span> 
     </span>
    </p>

    <p class='ocr_par' dir='ltr' id='par_1_8' title="bbox 1098 3483 2573 3878">
     <span class='ocr_line' id='line_1_29' title="bbox 1098 3483 2359 3572; baseline 0.001 -24"><span class='ocrx_word' id='word_1_261' title='bbox 1098 3491 1223 3567; x_wconf 75' lang='lat' dir='ltr'>yssi</span> <span class='ocrx_word' id='word_1_262' title='bbox 1251 3491 1331 3548; x_wconf 79' lang='lat' dir='ltr'>tri</span> <span class='ocrx_word' id='word_1_263' title='bbox 1361 3486 1367 3572; x_wconf 95' lang='grc' dir='ltr'>Ι</span> <span class='ocrx_word' id='word_1_264' title='bbox 1394 3490 1503 3564; x_wconf 75' lang='lat' dir='ltr'>hep</span> <span class='ocrx_word' id='word_1_265' title='bbox 1531 3509 1607 3546; x_wconf 88' lang='lat' dir='ltr'>eu</span> <span class='ocrx_word' id='word_1_266' title='bbox 1639 3483 1660 3570; x_wconf 93' lang='grc' dir='ltr'>ΙΙ</span> <span class='ocrx_word' id='word_1_267' title='bbox 1699 3485 1705 3569; x_wconf 94' lang='grc' dir='ltr'>Ι</span> <span class='ocrx_word' id='word_1_268' title='bbox 1732 3490 1838 3565; x_wconf 76' lang='lat' dir='ltr'>hep</span> <span class='ocrx_word' id='word_1_269' title='bbox 1874 3485 1880 3570; x_wconf 96' lang='grc' dir='ltr'>Ι</span> <span class='ocrx_word' id='word_1_270' title='bbox 1906 3491 2052 3547; x_wconf 76' lang='lat' dir='ltr'>haut</span> <span class='ocrx_word' id='word_1_271' title='bbox 2073 3512 2115 3567; x_wconf 88' lang='grc'><strong><em>9</em></strong></span> <span class='ocrx_word' id='word_1_272' title='bbox 2146 3493 2359 3550; x_wconf 76' lang='grc' dir='ltr'>αηιΙιθιι</span> 
     </span>
     <span class='ocr_line' id='line_1_30' title="bbox 1106 3587 2470 3674; baseline 0 -25"><span class='ocrx_word' id='word_1_273' title='bbox 1106 3594 1362 3651; x_wconf 78' lang='lat' dir='ltr'>awnaeth</span> <span class='ocrx_word' id='word_1_274' title='bbox 1398 3588 1404 3672; x_wconf 95' lang='grc' dir='ltr'>Ι</span> <span class='ocrx_word' id='word_1_275' title='bbox 1415 3593 1622 3670; x_wconf 75' lang='lat' dir='ltr'>fruith</span> <span class='ocrx_word' id='word_1_276' title='bbox 1653 3613 1689 3648; x_wconf 87' lang='lat' dir='ltr'>a</span> <span class='ocrx_word' id='word_1_277' title='bbox 1709 3588 1871 3672; x_wconf 68' lang='lat' dir='ltr'>[freu</span> <span class='ocrx_word' id='word_1_278' title='bbox 1904 3587 1923 3674; x_wconf 94' lang='grc' dir='ltr'>ΙΙ</span> <span class='ocrx_word' id='word_1_279' title='bbox 1958 3588 2136 3674; x_wconf 63' lang='grc' dir='ltr'>αΙῙοΡ</span> <span class='ocrx_word' id='word_1_280' title='bbox 2167 3593 2470 3670; x_wconf 73' lang='lat' dir='ltr'>amnffleu</span> 
     </span>
     <span class='ocr_line' id='line_1_31' title="bbox 1110 3691 2573 3776; baseline 0.001 -24"><span class='ocrx_word' id='word_1_281' title='bbox 1110 3693 1116 3772; x_wconf 94' lang='grc' dir='ltr'>Ι</span> <span class='ocrx_word' id='word_1_282' title='bbox 1147 3696 1263 3752; x_wconf 81' lang='lat' dir='ltr'>duu</span> <span class='ocrx_word' id='word_1_283' title='bbox 1290 3718 1330 3772; x_wconf 89' lang='grc'><strong><em>9</em></strong></span> <span class='ocrx_word' id='word_1_284' title='bbox 1364 3716 1463 3752; x_wconf 75' lang='lat' dir='ltr'>cmv</span> <span class='ocrx_word' id='word_1_285' title='bbox 1495 3695 1556 3752; x_wconf 75' lang='lat' dir='ltr'>in</span> <span class='ocrx_word' id='word_1_286' title='bbox 1593 3703 1599 3774; x_wconf 89' lang='grc' dir='ltr'>Ι</span> <span class='ocrx_word' id='word_1_287' title='bbox 1629 3696 1743 3752; x_wconf 84' lang='lat' dir='ltr'>deu</span> <span class='ocrx_word' id='word_1_288' title='bbox 1775 3691 1795 3776; x_wconf 91' lang='grc' dir='ltr'>ΙΙ</span> <span class='ocrx_word' id='word_1_289' title='bbox 1834 3692 1841 3776; x_wconf 95' lang='grc' dir='ltr'>Ι</span> <span class='ocrx_word' id='word_1_290' title='bbox 1869 3696 2135 3772; x_wconf 76' lang='lat' dir='ltr'>duyuaul</span> <span class='ocrx_word' id='word_1_291' title='bbox 2152 3718 2194 3772; x_wconf 87' lang='grc'><strong><em>9</em></strong></span> <span class='ocrx_word' id='word_1_292' title='bbox 2225 3697 2453 3773; x_wconf 79' lang='lat' dir='ltr'>kyffreu</span> <span class='ocrx_word' id='word_1_293' title='bbox 2567 3691 2573 3699; x_wconf 70' lang='grc'><strong>’</strong></span> 
     </span>
     <span class='ocr_line' id='line_1_32' title="bbox 1110 3793 2298 3878; baseline 0.002 -25"><span class='ocrx_word' id='word_1_294' title='bbox 1110 3795 1116 3876; x_wconf 87' lang='grc' dir='ltr'>Ι</span> <span class='ocrx_word' id='word_1_295' title='bbox 1145 3798 1262 3854; x_wconf 76' lang='lat' dir='ltr'>dun</span> <span class='ocrx_word' id='word_1_296' title='bbox 1281 3819 1321 3874; x_wconf 91' lang='grc'><strong><em>9</em></strong></span> <span class='ocrx_word' id='word_1_297' title='bbox 1355 3818 1454 3854; x_wconf 80' lang='lat' dir='ltr'>em&gt;</span> <span class='ocrx_word' id='word_1_298' title='bbox 1486 3797 1547 3853; x_wconf 79' lang='lat' dir='ltr'>in</span> <span class='ocrx_word' id='word_1_299' title='bbox 1580 3798 1653 3854; x_wconf 85' lang='lat' dir='ltr'>tri</span> <span class='ocrx_word' id='word_1_300' title='bbox 1686 3793 1706 3878; x_wconf 90' lang='grc' dir='ltr'>ΙΙ</span> <span class='ocrx_word' id='word_1_301' title='bbox 1745 3794 1751 3878; x_wconf 95' lang='grc' dir='ltr'>Ι</span> <span class='ocrx_word' id='word_1_302' title='bbox 1780 3799 2083 3875; x_wconf 78' lang='lat' dir='ltr'>duyuuaul</span> <span class='ocrx_word' id='word_1_303' title='bbox 2101 3820 2143 3875; x_wconf 89' lang='grc'><strong><em>9</em></strong></span> <span class='ocrx_word' id='word_1_304' title='bbox 2176 3798 2298 3855; x_wconf 75' lang='lat' dir='ltr'>inni</span> 
     </span>
    </p>

    <p class='ocr_par' dir='ltr' id='par_1_9' title="bbox 1106 3894 2404 4082">
     <span class='ocr_line' id='line_1_33' title="bbox 1106 3894 2404 3980; baseline 0.002 -25"><span class='ocrx_word' id='word_1_305' title='bbox 1106 3897 1115 3977; x_wconf 90' lang='grc' dir='ltr'>Ι</span> <span class='ocrx_word' id='word_1_306' title='bbox 1145 3900 1262 3956; x_wconf 81' lang='lat' dir='ltr'>duu</span> <span class='ocrx_word' id='word_1_307' title='bbox 1289 3920 1329 3974; x_wconf 89' lang='grc'><strong><em>9</em></strong></span> <span class='ocrx_word' id='word_1_308' title='bbox 1360 3919 1466 3956; x_wconf 80' lang='lat' dir='ltr'>enu</span> <span class='ocrx_word' id='word_1_309' title='bbox 1496 3897 1557 3955; x_wconf 76' lang='lat' dir='ltr'>in</span> <span class='ocrx_word' id='word_1_310' title='bbox 1587 3919 1670 3955; x_wconf 90' lang='lat' dir='ltr'>un</span> <span class='ocrx_word' id='word_1_311' title='bbox 1702 3894 1723 3980; x_wconf 91' lang='grc' dir='ltr'>ΙΙ</span> <span class='ocrx_word' id='word_1_312' title='bbox 1772 3897 1778 3980; x_wconf 95' lang='grc' dir='ltr'>Ι</span> <span class='ocrx_word' id='word_1_313' title='bbox 1807 3902 2066 3958; x_wconf 81' lang='lat' dir='ltr'>duuvaul</span> <span class='ocrx_word' id='word_1_314' title='bbox 2089 3922 2156 3957; x_wconf 81' lang='lat' dir='ltr'>ac</span> <span class='ocrx_word' id='word_1_315' title='bbox 2185 3901 2404 3958; x_wconf 77' lang='lat' dir='ltr'>anhun.</span> 
     </span>
     <span class='ocr_line' id='line_1_34' title="bbox 1107 3995 2127 4082; baseline 0.003 -25"><span class='ocrx_word' id='word_1_316' title='bbox 1107 4002 1484 4077; x_wconf 76' lang='lat' dir='ltr'>Arduyreaue</span> <span class='ocrx_word' id='word_1_317' title='bbox 1511 4021 1595 4057; x_wconf 90' lang='lat' dir='ltr'>un</span> <span class='ocrx_word' id='word_1_318' title='bbox 1627 3995 1648 4082; x_wconf 87' lang='grc' dir='ltr'>ΙΙ</span> <span class='ocrx_word' id='word_1_319' title='bbox 1683 4001 1787 4058; x_wconf 72' lang='lat' dir='ltr'>issi</span> <span class='ocrx_word' id='word_1_320' title='bbox 1813 4004 1918 4060; x_wconf 81' lang='lat' dir='ltr'>deu</span> <span class='ocrx_word' id='word_1_321' title='bbox 1948 4024 2016 4060; x_wconf 80' lang='lat' dir='ltr'>ac</span> <span class='ocrx_word' id='word_1_322' title='bbox 2044 4024 2127 4060; x_wconf 90' lang='lat' dir='ltr'>un</span> 
     </span>
    </p>

    <p class='ocr_par' dir='ltr' id='par_1_10' title="bbox 1109 4098 2108 4184">
     <span class='ocr_line' id='line_1_35' title="bbox 1109 4098 2108 4184; baseline -0.001 -24"><span class='ocrx_word' id='word_1_323' title='bbox 1109 4104 1213 4161; x_wconf 75' lang='lat' dir='ltr'>issi</span> <span class='ocrx_word' id='word_1_324' title='bbox 1241 4103 1321 4160; x_wconf 76' lang='lat' dir='ltr'>tri</span> <span class='ocrx_word' id='word_1_325' title='bbox 1346 4123 1535 4160; x_wconf 81' lang='lat' dir='ltr'>arnun</span> <span class='ocrx_word' id='word_1_326' title='bbox 1568 4098 1590 4184; x_wconf 92' lang='grc' dir='ltr'>ΙΙ</span> <span class='ocrx_word' id='word_1_327' title='bbox 1623 4103 1728 4160; x_wconf 78' lang='lat' dir='ltr'>issi</span> <span class='ocrx_word' id='word_1_328' title='bbox 1754 4105 1869 4161; x_wconf 75' lang='lat' dir='ltr'>dun</span> <span class='ocrx_word' id='word_1_329' title='bbox 1894 4126 1936 4181; x_wconf 90' lang='grc'><strong><em>9</em></strong></span> <span class='ocrx_word' id='word_1_330' title='bbox 1965 4106 2108 4161; x_wconf 83' lang='lat' dir='ltr'>hun.</span> 
     </span>
    </p>

    <p class='ocr_par' dir='ltr' id='par_1_11' title="bbox 1103 4200 2426 4388">
     <span class='ocr_line' id='line_1_36' title="bbox 1103 4200 2426 4288; baseline 0 -25"><span class='ocrx_word' id='word_1_331' title='bbox 1103 4206 1384 4263; x_wconf 76' lang='lat' dir='ltr'>Awnaeth</span> <span class='ocrx_word' id='word_1_332' title='bbox 1419 4201 1425 4286; x_wconf 97' lang='grc' dir='ltr'>Ι</span> <span class='ocrx_word' id='word_1_333' title='bbox 1453 4206 1686 4263; x_wconf 77' lang='lat' dir='ltr'>maurth</span> <span class='ocrx_word' id='word_1_334' title='bbox 1716 4207 1884 4264; x_wconf 82' lang='lat' dir='ltr'>allun</span> <span class='ocrx_word' id='word_1_335' title='bbox 1916 4200 1936 4288; x_wconf 95' lang='grc' dir='ltr'>ΙΙ</span> <span class='ocrx_word' id='word_1_336' title='bbox 1970 4201 2247 4286; x_wconf 65' lang='lat' dir='ltr'>alma-seul</span> <span class='ocrx_word' id='word_1_337' title='bbox 2271 4206 2426 4263; x_wconf 83' lang='lat' dir='ltr'>abun</span> 
     </span>
     <span class='ocr_line' id='line_1_37' title="bbox 1113 4300 2149 4388; baseline 0 -24"><span class='ocrx_word' id='word_1_338' title='bbox 1113 4331 1179 4364; x_wconf 83' lang='lat' dir='ltr'>ac</span> <span class='ocrx_word' id='word_1_339' title='bbox 1207 4316 1311 4365; x_wconf 84' lang='lat' dir='ltr'>nat</span> <span class='ocrx_word' id='word_1_340' title='bbox 1339 4308 1601 4382; x_wconf 76' lang='lat' dir='ltr'>kyuorun</span> <span class='ocrx_word' id='word_1_341' title='bbox 1633 4300 1654 4388; x_wconf 82' lang='lat' dir='ltr'>ss</span> <span class='ocrx_word' id='word_1_342' title='bbox 1690 4307 1787 4364; x_wconf 73' lang='lat' dir='ltr'>bas</span> <span class='ocrx_word' id='word_1_343' title='bbox 1816 4329 1884 4365; x_wconf 80' lang='lat' dir='ltr'>ac</span> <span class='ocrx_word' id='word_1_344' title='bbox 1912 4317 2149 4366; x_wconf 81' lang='lat' dir='ltr'>anotun.</span> 
     </span>
    </p>

    <p class='ocr_par' dir='ltr' id='par_1_12' title="bbox 1108 4403 2321 4491">
     <span class='ocr_line' id='line_1_38' title="bbox 1108 4403 2321 4491; baseline -0.002 -23"><span class='ocrx_word' id='word_1_345' title='bbox 1108 4410 1384 4468; x_wconf 79' lang='lat' dir='ltr'>Awnaeth</span> <span class='ocrx_word' id='word_1_346' title='bbox 1420 4408 1560 4465; x_wconf 80' lang='lat' dir='ltr'>tuz&#39;m</span> <span class='ocrx_word' id='word_1_347' title='bbox 1593 4429 1660 4472; x_wconf 74' lang='lat' dir='ltr'>ac</span> <span class='ocrx_word' id='word_1_348' title='bbox 1689 4428 1789 4466; x_wconf 89' lang='lat' dir='ltr'>oer</span> <span class='ocrx_word' id='word_1_349' title='bbox 1821 4403 1842 4491; x_wconf 90' lang='grc' dir='ltr'>ΙΙ</span> <span class='ocrx_word' id='word_1_350' title='bbox 1876 4431 1911 4466; x_wconf 89' lang='lat' dir='ltr'>a</span> <span class='ocrx_word' id='word_1_351' title='bbox 1946 4412 2083 4467; x_wconf 79' lang='lat' dir='ltr'>heul</span> <span class='ocrx_word' id='word_1_352' title='bbox 2107 4431 2142 4466; x_wconf 87' lang='lat' dir='ltr'>a</span> <span class='ocrx_word' id='word_1_353' title='bbox 2176 4410 2321 4466; x_wconf 82' lang='lat' dir='ltr'>lloer</span> 
     </span>
    </p>
   </div>
   <div class='ocr_carea' id='block_1_5' title="bbox 1103 4504 2257 4594">
    <p class='ocr_par' dir='ltr' id='par_1_13' title="bbox 1103 4504 2257 4594">
     <span class='ocr_line' id='line_1_39' title="bbox 1103 4504 2257 4594; baseline -0.002 -23"><span class='ocrx_word' id='word_1_354' title='bbox 1103 4535 1140 4572; x_wconf 80' lang='lat' dir='ltr'>a</span> <span class='ocrx_word' id='word_1_355' title='bbox 1174 4513 1377 4590; x_wconf 77' lang='lat' dir='ltr'>llythir</span> <span class='ocrx_word' id='word_1_356' title='bbox 1408 4511 1590 4586; x_wconf 74' lang='lat' dir='ltr'>iyeuir</span> <span class='ocrx_word' id='word_1_357' title='bbox 1621 4504 1644 4594; x_wconf 91' lang='grc' dir='ltr'>ΙΙ</span> <span class='ocrx_word' id='word_1_358' title='bbox 1677 4530 1713 4566; x_wconf 85' lang='lat' dir='ltr'>a</span> <span class='ocrx_word' id='word_1_359' title='bbox 1726 4514 1912 4589; x_wconf 81' lang='lat' dir='ltr'>sflam</span> <span class='ocrx_word' id='word_1_360' title='bbox 1943 4513 2023 4569; x_wconf 71' lang='lat' dir='ltr'>im</span> <span class='ocrx_word' id='word_1_361' title='bbox 2042 4513 2257 4586; x_wconf 83' lang='lat' dir='ltr'>pabuir</span> 
     </span>
    </p>
   </div>
  </div>
 </body>
</html>
