3150 5242
514 277 676 336 1144
1504 293 1848 337 ADDENDA.

687 422 951 520 P.'958,
985 444 1031 506 l.
1077 453 1175 507 10.
1239 443 1630 508 Assonantia
1675 441 1888 505 finalis
1929 443 2029 505 bis
2074 443 2382 527 copulans
2428 443 2610 506 binas
2651 443 2861 505 lineas

515 548 861 630 (distichon
891 548 1052 612 mihi
1082 572 1227 613 cum
1261 550 1626 625 assonantia
1655 548 2112 632 contraposita)
2145 558 2241 611 est
2272 548 2461 612 solita
2489 549 2694 612 forma
2725 549 2860 632 epi-

514 654 885 739 grammatis
932 654 1252 732 cambrici,
1300 659 1471 740 quod
1516 655 1749 718 dicitur
1783 654 2057 736 pennill,
2099 657 2255 718 dum
2301 655 2497 718 trium
2539 655 2861 718 linearum

517 762 905 845 epigramma
948 760 1181 824 dicitur
1217 761 1469 846 enylyn.
1534 761 1739 824 Valde
1770 760 2007 823 usitata
2039 770 2190 823 sunt
2219 760 2410 823 hodie
2442 783 2696 844 quoque
2730 760 2862 843 epi-

516 878 871 951 grammata
928 867 1086 930 haec
1118 867 1479 949 pennillion
1525 867 1733 942 dicta,
1759 886 2028 928 imorum
2071 876 2408 949 praecepta
2450 866 2865 950 potissimum

518 972 858 1048 tradentia,
892 971 1061 1035 inter
1090 974 1419 1050 Cambros,
1456 995 1726 1056 quorum
1758 993 1892 1034 esse
1924 971 2228 1034 dicuntur
2258 972 2540 1054 quidam,
2572 971 2680 1054 qui
2715 993 2866 1034 cen-

519 1091 660 1142 tum
701 1078 945 1161 aliquot
988 1078 1332 1162 proferant,
1370 1089 1632 1141 cantum
1678 1077 2147 1140 accuratissime
2196 1077 2441 1140 cithara
2480 1068 2901 1141 comitantes

518 1184 626 1266 (cf.
657 1183 1187 1247 Cambro-Briton
1224 1191 1280 1260 1,
1315 1191 1418 1247 69.
1452 1192 1554 1261 70,
1585 1184 1653 1245 in
1686 1207 1810 1266 quo
1839 1184 2000 1247 libro
2030 1184 2099 1247 in
2130 1183 2421 1267 pluribus
2452 1184 2608 1246 locis
2642 1181 2870 1245 eorum

520 1291 728 1354 multa
769 1291 1035 1353 collecta
1077 1289 1546 1372 inveniuntur).
1612 1289 1852 1354 Lineae
1882 1291 1983 1353 vel
2012 1291 2295 1352 membra
2325 1288 2568 1363 octonis
2600 1289 2870 1372 syllabis

521 1407 841 1472 constant,
875 1395 1078 1458 rarius
1121 1396 1333 1473 noniS,
1368 1418 1425 1459 e.
1460 1418 1556 1479 gr.
1594 1397 1663 1459 in
1708 1396 1850 1472 hoc,
1887 1396 1987 1479 cuj
1998 1417 2070 1458 us
2116 1395 2434 1459 sententia
2463 1405 2686 1458 contra
2719 1395 2869 1458 soli-

521 1514 661 1565 tum
702 1510 892 1565 usum
936 1501 1130 1565 etiam
1168 1500 1237 1565 in
1282 1504 1562 1565 secundo
1608 1502 1882 1564 disticho
1914 1502 2327 1566 continuatur
2359 1501 2866 1585 (Cambro-Brit.

519 1631 585 1692 p.
626 1611 771 1690 29):

591 1766 734 1844 Dyn
765 1786 800 1822 a
824 1785 969 1842 yaro
994 1767 1185 1841 yrwth
1215 1787 1251 1823 a
1282 1765 1495 1843 thelyn,
1538 1762 1559 1848 ΙΙ
1592 1768 1720 1824 sain
1751 1766 2141 1843 cynqlzanedd,
2183 1769 2288 1824 edn
2319 1787 2390 1841 ay
2423 1767 2657 1843 enylyn,

595 1888 631 1925 a
656 1888 769 1944 yar
794 1889 837 1945 y
854 1867 1074 1941 pethau
1102 1888 1290 1946 mwya
1324 1868 1518 1940 lirion,
1560 1863 1587 1949 ss
1614 1870 1743 1945 sy’n
1770 1891 1813 1947 y
1841 1872 1953 1947 nef
1966 1869 2241 1946 y'mhlith
2271 1868 2568 1945 anyylz'on.

603 1971 664 2027 Y
655 1992 686 2027 r
714 1972 792 2027 an
822 1969 890 2026 πί
916 1969 1088 2026 charo
1120 1970 1232 2027 dan
1262 1991 1298 2027 a
1329 1971 1595 2040 chanz'ad,
1638 1965 1660 2052 Η
1690 1971 1758 2028 m‘
1786 1971 1949 2027 chair
1973 1971 2166 2045 ynddo
2196 1991 2355 2028 naws
2383 1992 2417 2026 o
2441 1969 2677 2044 yar-iad,
2710 2002 2717 2003 ff

577 2075 654 2148 fe
681 2070 841 2128 welir
871 2071 1022 2141 hwn,
1064 2080 1154 2128 tra
1186 2072 1367 2147 byddo
1401 2071 1544 2148 byw,
1589 2066 1609 2153 ss
1639 2094 1721 2148 yn
1746 2076 1853 2148 ,φάε
1878 2092 1998 2149 qan
2029 2073 2205 2148 ddyn,
2245 2091 2280 2127 a
2313 2071 2448 2128 elad-5
2471 2092 2593 2147 yan
2625 2073 2819 2130 dduw.

517 2212 765 2281 “Homo
809 2223 912 2297 qui
955 2230 1111 2280 amat
1154 2230 1398 2280 crottam
1439 2231 1498 2281 et
1535 2225 1798 2300 harpam,
1852 2245 2061 2282 sonum
2102 2224 2488 2294 assonantiae‚
2531 2230 2771 2281 cantum
2814 2233 2878 2282 et

2068 2327 2440 2402 epigramma,

529 2435 686 2485 amat
712 2447 807 2485 res
839 2427 1089 2485 maxime
1120 2427 1420 2496 amabiles,
1461 2447 1612 2501 quae
1643 2433 1783 2485 sunt
1811 2428 1873 2484 in
1903 2429 2064 2485 coelo
2093 2428 2156 2484 in
2184 2429 2376 2484 medio
2407 2428 2774 2503 angelorum.

529 2532 591 2588 Is
637 2530 799 2588 solus
846 2530 947 2604 qui
990 2549 1110 2587 non
1154 2536 1312 2587 amat
1340 2537 1547 2587 tonum
1579 2535 1639 2586 et
1669 2536 2035 2601 concentum,
2073 2549 2193 2587 non
2223 2536 2379 2586 amat
2407 2530 2469 2586 in
2500 2549 2565 2587 se
2594 2531 2877 2587 virtutem

2200 2632 2410 2688 amoris
2434 2652 2447 2702 ;

530 2734 826 2792 videbitur
866 2735 982 2805 hic,
1023 2734 1303 2808 quamdiu
1346 2733 1524 2791 fuerit
1567 2733 1755 2802 vivuS‚
1795 2731 1858 2789 in
1887 2733 2024 2790 odio
2052 2753 2186 2790 cum
2215 2733 2451 2790 homine
2484 2741 2545 2791 et
2574 2734 2712 2791 odio
2745 2754 2880 2791 cum

2274 2822 2453 2892 de0.''
