3150 5242
534 293 905 336 APPENDIX.
972 293 1188 337 snnmo
1221 294 1633 347 manumetis
1664 292 1915 337 comois
1946 291 2272 337 CAMARAC.
2408 274 2568 334 1007

237 445 404 507 lobre
435 443 664 507 chakic
695 443 1013 508 issamlith.
1043 443 1440 511 hazecomadas
1472 441 1716 507 ducack
1746 441 2003 505 omonm‘
2028 463 2183 504 aure
2214 441 2418 505 coicsa
2430 443 2571 526 fri-

233 551 383 614 each
416 550 692 613 e'noeseck
723 572 867 612 ocus
891 549 1329 613 inoedommetu
1355 571 1500 612 oeus
1525 547 1839 612 inaelobri
1862 548 2115 611 ade-iam
2140 547 2347 611 isnaib
2372 548 2571 611 insce'b

230 682 329 721 seo
374 657 540 721 culis
585 655 866 719 indoecni
906 656 1157 718 ascenel
1197 655 1425 718 eraclae
1453 653 1809 717 adrimther
1838 651 2222 717 incoicsath³
2245 654 2416 738 filus
2451 663 2570 718 tre-

231 764 506 828 cheueloe
566 770 807 825 martre
866 763 1074 824 danen
1128 760 1465 825 adrimiter
1519 759 1818 823 arcrm’ch
1878 759 2196 824 duduiniu
2242 762 2573 845 madesyre

230 872 391 933 bezan
437 877 684 932 martra
726 890 870 931 oeus
910 868 1055 951 qlas
1087 875 1328 930 martre
1356 848 1505 930 ocus
1533 868 1685 929 derc
1713 862 1991 929 marty-6⁶
2032 865 2152 929 issi
2177 865 2369 929 inbdn
2399 888 2569 929 mar·

364 1142 417 1190 5.
464 1134 631 1190 “Non
668 1138 846 1191 differt
881 1139 1029 1209 quod
1054 1140 1193 1204 dixit
1217 1149 1433 1194 sanctus
1459 1139 1738 1209 apostolus
1765 1137 1883 1200 hoc,
1914 1153 1943 1188 e
1969 1153 2076 1205 quo
2102 1153 2257 1188 sumo
2282 1136 2428 1188 hunc
2454 1154 2572 1188 sen-

229 1241 364 1287 sum,
399 1223 552 1292 quod
580 1230 664 1275 est
687 1224 907 1276 morbus
934 1224 982 1276 ei
1008 1224 1227 1277 morbus
1255 1224 1507 1294 cujusvis,
1540 1226 1690 1294 quod
1713 1232 1795 1278 est
1820 1223 2044 1276 offensio
2069 1223 2117 1275 ei
2145 1221 2368 1274 offensio
2394 1220 2572 1291 cujus-

228 1308 324 1372 viS,
357 1307 511 1378 quod
548 1315 631 1360 est
655 1309 937 1361 infirmitas
962 1310 1011 1362 ei
1038 1310 1318 1362 infirmitas
1345 1309 1602 1379 cujusvis.
1655 1311 1742 1363 lta
1766 1314 1981 1378 oportet
2006 1307 2249 1376 quemvis
2275 1324 2302 1359 e
2329 1308 2486 1360 nobis
2513 1315 2572 1360 ut

229 1393 593 1462 compatiatur
630 1394 799 1446 cuivis
839 1394 893 1446 in
937 1395 1053 1464 ejus
1079 1395 1397 1447 necessitate
1423 1403 1477 1447 et
1501 1395 1557 1447 in
1586 1396 1702 1465 ejus
1728 1394 1912 1464 inopia
1938 1400 1993 1446 et
2016 1392 2073 1444 in
2099 1392 2214 1461 ejus
2240 1391 2568 1444 infirmitate.

229 1477 625 1547 Cognoscimus
660 1479 717 1530 in
757 1480 1091 1532 orationibus
1127 1480 1423 1549 sapientiae
1458 1488 1513 1533 et
1535 1482 1875 1550 prudentiae,
1907 1479 2054 1550 quod
2079 1495 2251 1548 genus
2277 1477 2449 1529 crucis
2476 1496 2573 1530 nu-

229 1571 469 1616 meratur
508 1563 859 1634 compassi0.''
912 1563 1148 1628 Huidea,
1177 1564 1347 1627 abest,
1379 1564 1573 1628 differt,
1606 1566 1650 1617 si
1685 1573 1768 1618 est
1802 1562 1898 1636 pro
1936 1565 2129 1628 buada,
2158 1568 2305 1626 nata,
2336 1565 2455 1620 dtas
2494 1580 2573 1615 se-

230 1649 418 1718 quitur
455 1648 599 1701 enim
635 1649 1010 1719 interpretatio
1036 1650 1356 1719 praemissae
1381 1650 1680 1702 sententiae
1705 1651 1953 1720 apostoli.
1993 1651 2288 1711 autrubert,
2318 1650 2571 1711 atrobert,

230 1735 491 1797 asrobert,
525 1734 666 1786 dixit
696 1734 768 1805 (p.
799 1736 941 1805 841).
970 1735 1159 1786 ombub
1183 1735 1398 1787 videtur
1423 1734 1595 1786 forma
1618 1736 1788 1788 futuri
1814 1736 2016 1806 primae
2041 1752 2317 1805 personae,
2348 1753 2418 1787 an
2442 1753 2574 1786 o-m-

232 1819 348 1883 hub,
382 1819 621 1883 ombeub,
655 1820 782 1871 beub
806 1837 904 1889 pro
932 1819 1114 1882 benub,
1146 1819 1409 1883 decidam,
1439 1820 1685 1871 sumam?
1709 1838 1857 1874 sence
1880 1840 1987 1876 vox
2013 1822 2143 1874 item
2169 1820 2413 1884 obscura,
2443 1820 2572 1873 alibi

230 1921 338 1957 non
379 1903 560 1968 obvia,
591 1903 648 1955 ni
686 1912 767 1956 est
804 1922 836 1956 a
868 1921 1032 1956 manu
1071 1903 1345 1973 scriptoris
1381 1921 1539 1973 saepe
1575 1905 1756 1957 minus
1794 1906 2048 1976 expedita
2082 1924 2179 1975 pro
2218 1923 2381 1969 cnseo,
2411 1904 2568 1970 insce,

231 1989 522 2050 sententia,
554 2006 762 2041 sensus.
794 1989 859 2041 ba
897 1990 1046 2041 calar
1070 2005 1167 2058 pro
1206 1989 1308 2040 bad
1336 1990 1511 2057 yalar,
1543 1991 1691 2059 quod
1721 1999 1804 2043 est
1826 1993 2065 2044 morbus.
2097 1993 2177 2054 dc,
2208 1991 2275 2055 ei,
2306 1991 2570 2060 apostole,

229 2082 291 2126 ut
314 2073 492 2126 infra:
523 2073 619 2124 issi
640 2073 848 2142 indylas
873 2080 1075 2126 martre
1098 2074 1162 2125 do
1180 2074 1304 2141 (hoc
1330 2081 1413 2126 est
1437 2075 1691 2143 glaucum
1716 2077 2029 2146 martyrium
2056 2076 2126 2147 ei)
2146 2093 2243 2145 pro
2264 2076 2424 2129 solita
2444 2076 2572 2128 scri-

227 2158 420 2228 ptione
457 2159 542 2210 ᾱό.
567 2157 903 2227 fritlam-yon,
934 2159 1177 2222 offensiO,
1209 2160 1551 2224 contumelia,
1583 2177 1615 2211 a
1646 2162 1793 2213 verb.
1818 2162 2093 2230 fritlam-9,
2109 2159 2334 2229 fridurc
2358 2160 2414 2212 in
2440 2160 2569 2213 Wb.

232 2247 352 2296 14⁸:
397 2261 470 2295 na
492 2242 798 2310 fridoireed
831 2245 960 2296 neck
997 2243 1240 2296 dialailm
1265 2249 1318 2296 et
1339 2245 1403 2296 do
1428 2243 1517 2296 dia
1547 2245 1643 2314 (gl.
1673 2245 1854 2298 omnia
1878 2253 2055 2298 vestra
2079 2246 2132 2298 in
2162 2245 2383 2298 caritate
2409 2246 2569 2308 fiant3

227 2329 264 2382 i.
294 2346 343 2381 e.
373 2346 445 2381 ne
483 2328 719 2381 offendat
756 2329 951 2399 aliquis
988 2330 1043 2382 iu
1069 2329 1233 2382 alium
1260 2336 1314 2381 et
1338 2329 1392 2381 in
1420 2330 1624 2400 deum),
1655 2348 1892 2400 compos.
1925 2330 2124 2398 esrisn
2140 2330 2316 2396 frith-
2347 2331 2418 2401 (p.
2452 2334 2569 2382 545.

177 2464 188 2471 ,
228 2415 352 2484 846)
384 2420 440 2465 et
474 2413 654 2466 radice
691 2432 805 2483 cry,
835 2432 925 2467 ονε
955 2415 1043 2484 (cf.
1073 2433 1126 2484 p.
1157 2414 1267 2483 71).
1306 2414 1491 2467 chahv‘c
1529 2432 1627 2485 pro
1663 2416 1828 2481 cat‘ch,
1858 2417 2041 2468 chaich
2080 2415 2269 2485 procul
2294 2415 2486 2480 dubio;
2517 2416 2575 2468 in

228 2499 420 2552 codice
440 2498 698 2568 scriptum
725 2506 808 2552 est
831 2499 995 2563 calaio,
1017 2507 1072 2551 et
1094 2500 1257 2551 modo
1282 2507 1408 2552 ante
1433 2501 1600 2564 caick,
1622 2502 1656 2553 Ιι
1680 2501 1876 2554 minori
1903 2501 2088 2553 addita
2114 2518 2275 2570 supra
2298 2518 2326 2552 c
2350 2501 2406 2553 in
2428 2507 2574 2553 utro·

227 2601 335 2656 que
373 2583 514 2637 loco.
543 2583 887 2649 Ιιτζςοοηῑαάαε,
915 2603 1076 2655 supra
1108 2584 1416 2638 iscomadas.
1459 2586 1675 2639 omonm'
1704 2587 1920 2640 videtur
1952 2586 2123 2639 forma
2158 2592 2371 2640 vetusta
2394 2586 2574 2640 minus

225 2671 394 2724 solita
430 2688 530 2740 pro
565 2670 737 2723 mmm*
761 2671 810 2740 (e
847 2670 1045 2740 nobis),
1074 2670 1382 2723 intromissa
1418 2672 1559 2725 inter
1585 2672 2038 2742 praepositionem
2064 2679 2119 2725 et
2142 2690 2437 2741 pronomen
2464 2673 2573 2725 suf-

228 2756 402 2810 fixum
439 2756 647 2826 syllaba
679 2773 864 2818 -mon-,
897 2763 959 2808 ut
995 2763 1078 2809 est
1107 2758 1258 2808 -Ιιοη-
1283 2757 1565 2820 cambrice‚
1597 2776 1644 2810 e.
1674 2776 1755 2826 gr.
1785 2758 1840 2809 in
1867 2758 2083 2825 ollonaf,
2114 2774 2146 2809 a
2170 2775 2272 2821 me,
2300 2758 2512 2820 ollonae,
2542 2774 2575 2809 a

228 2851 300 2907 te,
332 2842 404 2895 ab
443 2842 630 2893 eadem
664 2857 848 2911 praep.
878 2859 924 2904 0,
954 2842 1012 2893 ni
1050 2842 1238 2894 subest
1275 2841 1580 2894 obsoletum
1618 2844 1790 2896 subst.
1819 2861 1941 2895 mon
1980 2843 2200 2896 obvium
2226 2861 2311 2913 ap.
2341 2842 2567 2895 O'Flan.

228 2945 283 2997 p.
309 2933 369 2979 17
377 2929 407 2979 6
426 2948 439 2979 t
469 2926 660 2979 rolecci
677 2943 843 2978 avenn
864 2925 1058 2979 immon
1079 2926 1244 2979 cloich
1261 2927 1546 2996 (percussit
1564 2929 1681 2998 ipsa
1701 2936 1863 2998 caput
1882 2946 2040 2980 suum
2055 2928 2125 2981 ad
2139 2929 2416 2999 lapidem).
2447 2947 2574 2981 aare

229 3012 421 3074 coicsa,
453 3028 551 3080 pro
587 3011 885 3075 aiffecoiesa,
913 3013 1193 3077 arecoicsa,
1224 3020 1287 3064 ut
1324 3014 1486 3066 modo
1522 3032 1686 3084 supra
1722 3013 2003 3066 autrubert
2035 3031 2133 3082 pro
2159 3013 2417 3065 atrabert.
2447 3013 2567 3077 ime,

179 3141 182 3146 .
230 3114 397 3167 supra
432 3096 534 3160 ine,
564 3097 620 3148 in
658 3097 793 3170 ejus.
820 3100 940 3150 sech
976 3098 1218 3168 ejusdem
1253 3098 1450 3151 radicis
1489 3098 1721 3161 videtur,
1753 3115 1890 3168 quae
1930 3099 2117 3150 subest
2150 3098 2314 3151 verbo
2334 3099 2569 3167 foseqim

231 3183 396 3235 obvio
437 3182 496 3234 in
523 3183 624 3236 Ml.
657 3185 774 3235 33⁸:
804 3182 920 3235 indi
936 3184 1339 3251 sodamseyatsa
1366 3183 1463 3253 (gl.
1492 3183 1587 3251 qui
1611 3182 1876 3235 tribulant
1898 3183 2027 3253 me),
2057 3183 2113 3235 in
2142 3183 2268 3237 Wb.
2303 3181 2392 3234 14³·
2413 3204 2426 3235 ε
2439 3186 2572 3251 fon-

231 3286 391 3337 seqar
431 3267 528 3336 (gl.
570 3267 938 3338 tribulamur).
1000 3267 1332 3321 Addendum
1368 3268 1597 3320 fortasse
1634 3267 1780 3319 saiclc
1818 3286 1851 3321 e
1886 3269 2015 3322 Wb.
2047 3273 2132 3322 8⁰:
2172 3274 2282 3321 ete-r
2316 3268 2486 3321 maith.
2523 3276 2576 3322 et

230 3353 380 3405 saich
411 3351 508 3422 (gl.
537 3352 965 3423 uniuscujusque
1000 3371 1136 3424 opus
1160 3353 1507 3406 manifestum
1542 3352 1687 3421 erit).
1729 3353 2006 3417 domnzetu,
2033 3353 2233 3423 inopia,
2263 3361 2568 3422 paupertas,

232 3438 299 3490 ab
323 3438 436 3507 adj.
465 3438 683 3502 domme,
712 3456 932 3509 pauper.
962 3438 1185 3502 adciam,
1214 3439 1477 3502 videmuS,
1510 3437 1884 3506 cognoscimus
1909 3438 1982 3507 (p.
2014 3439 2156 3509 839).
2202 3438 2573 3491 Memorabilis

231 3532 317 3577 est
353 3524 507 3576 locus
538 3541 767 3593 sequens
791 3542 877 3576 sco
900 3525 1031 3577 culis
1054 3524 1295 3588 t'rcdoecni,
1324 3524 1380 3576 in
1407 3522 1560 3593 cujus
1587 3540 1718 3576 voce
1742 3524 1914 3593 prima
1936 3523 2094 3576 video
2119 3524 2438 3593 particulam
2461 3543 2575 3578 seeo

233 3609 328 3678 (et,
360 3626 415 3678 p.
445 3608 588 3679 664),
618 3615 674 3661 et
710 3610 949 3662 notanda
986 3609 1297 3680 praemissio
1333 3609 1557 3662 voculae
1590 3616 1719 3661 ante
1754 3608 2023 3677 genitivos
2048 3609 2186 3663 duos
2212 3610 2342 3663 culis
2367 3617 2422 3662 et
2445 3611 2580 3663 oecni

231 3695 406 3764 (nom.
437 3694 600 3756 cula-5,
630 3694 786 3764 aecne)
813 3694 1181 3764 dependentes
1217 3711 1249 3747 a
1286 3693 1645 3764 praecedente
1675 3693 1856 3746 inscib.
1897 3694 2207 3760 adrimther,
2235 3705 2567 3761 numeratur,

232 3780 569 3841 aestimatur,
598 3795 725 3831 mox
748 3780 891 3848 plur.
919 3780 1198 3833 adrimiter
1226 3780 1314 3850 (cf.
1344 3797 1398 3850 p.
1426 3783 1546 3845 912,
1577 3766 1741 3848 not.).

376 3869 427 3917 6.
475 3864 657 3916 “Sunt
683 3864 785 3916 tria
807 3883 1005 3934 genera
1028 3866 1269 3937 martyrii
1294 3882 1472 3935 porr0,
1498 3882 1636 3934 quae
1661 3865 2013 3919 aestimantur
2036 3883 2133 3935 pro
2155 3883 2312 3918 cruce
2342 3866 2567 3931 homini,

234 3950 446 4004 scilicet
469 3948 651 4001 album
667 3950 981 4019 martyrium
1001 3959 1057 4004 et
1075 3954 1328 4022 glaucum
1350 3950 1665 4020 martyrium
1684 3957 1740 4012 et
1754 3951 1978 4003 rubrum
1997 3948 2365 4021 martyrium.'‘
2393 3953 2453 4004 F
2448 3952 2569 4017 itae,

235 4033 526 4105 peculiaris
563 4033 735 4085 forma
758 4035 1014 4101 derivata,
1047 4037 1206 4090 obvia
1230 4045 1284 4089 et
1307 4037 1463 4100 infra,
1492 4053 1760 4105 nusquam
1784 4044 1966 4089 tamen
1991 4037 2048 4090 in
2074 4035 2350 4089 codicibus
2375 4038 2575 4090 nostris

234 4120 376 4184 aliis,
419 4136 450 4171 e
481 4118 646 4172 verbo
688 4122 1026 4176 substantivo
1048 4124 1145 4193 fil.
1191 4123 1509 4185 trecheueloe,
1539 4122 1680 4175 infra
1719 4123 1983 4185 trecenele,
2023 4139 2198 4174 accus.
2226 4121 2366 4190 plur.
2397 4122 2568 4175 subst.

234 4206 407 4258 eenole
425 4212 626 4268 neutr„
645 4216 766 4257 cum
793 4224 941 4260 num.
967 4213 1065 4260 tre-
1095 4209 1170 4278 (p.
1188 4207 1333 4277 310),
1358 4207 1668 4276 dependens
1684 4208 1753 4267 ab
1773 4206 2124 4260 antecedente
2143 4206 2307 4258 verbo
2332 4206 2406 4275 (p.
2427 4208 2570 4277 894).

233 4291 339 4344 Est
365 4290 571 4342 formae
594 4294 762 4344 cendio
788 4293 862 4362 (p.
878 4293 999 4363 245)
1027 4293 1251 4364 pluralis
1275 4293 1345 4345 ob
1371 4300 1685 4362 sequentem
1709 4289 1851 4364 plur.
1880 4291 2030 4344 verbi
2049 4290 2341 4343 adv-imiter.
2386 4292 2573 4361 Sequi·

235 4388 326 4433 tur
361 4380 505 4432 infra
540 4387 595 4432 et
632 4379 801 4431 altera
831 4378 1005 4431 forma
1039 4380 1185 4432 oene'l
1204 4380 1260 4431 in
1286 4379 1511 4449 plurali:
1554 4378 1892 4447 conyaibetoer
1915 4376 2044 4428 iuna
2074 4377 2332 4430 trecheuel
2352 4383 2569 4429 mar-tre.
