3150 5242
597 385 712 448 VI.
753 389 811 446 2.
874 404 1320 448 cons'rnuctmo
1349 400 1625 451 Pon'rrc'A
1659 382 2075 448 mamimus?
2365 383 2494 446 915

198 550 478 614 locatione
529 563 822 616 accentus
872 555 1000 616 duo
1051 552 1296 618 diversa
1344 554 1699 631 schemata,
1749 554 1993 618 scilicet
2031 553 2289 618 schema
2332 552 2490 616 inci-

196 656 402 740 pientis
428 656 678 740 majoris
709 669 1040 722 accentus:

614 830 623 835 ,
958 765 1007 812 „¹
1064 780 1115 811 υ
1172 767 1221 813 ..'.
1278 781 1330 811 υ
1388 766 1435 812 -’
1492 779 1545 810 υ
1603 766 1683 842 -'‚

196 878 248 950 et
267 867 620 952 incipientis
649 869 943 933 minoris:

957 991 1009 1021 υ
1068 977 1116 1023 L
1173 991 1225 1021 υ
1283 981 1331 1022 ..’.
1386 990 1439 1021 υ
1495 977 1544 1023 ..'.
1602 991 1653 1022 υ
1670 1018 1685 1038 ,
1840 1037 1843 1039 Α

190 1078 463 1143 Attamen
507 1102 629 1144 nec
669 1080 740 1144 in
780 1080 903 1146 hoc
941 1083 1225 1144 membro
1255 1103 1373 1143 nec
1403 1079 1473 1143 in
1503 1081 1645 1144 aliis
1676 1079 1959 1164 plurium
1987 1080 2089 1143 vel
2119 1080 2492 1164 pauciorum

194 1183 544 1266 syllabarum
585 1198 795 1250 certus
835 1206 991 1250 usus
1035 1187 1412 1249 statuendus
1458 1186 1746 1264 videtur,
1794 1197 1859 1249 et
1902 1187 2236 1250 alternatio
2276 1187 2490 1270 potius

190 1288 330 1352 inter
366 1291 482 1354 hoc
527 1292 630 1354 vel
675 1291 837 1354 illud
879 1292 1134 1354 schema
1176 1291 1322 1375 plus
1368 1293 1471 1354 vel
1512 1292 1728 1355 minus
1772 1293 1843 1355 in
1873 1293 2130 1357 arbitrio
2161 1298 2492 1376 poetarum

186 1393 374 1472 fuisse,
408 1397 636 1460 saltem
674 1397 1167 1460 hibernicorum.
1231 1399 1500 1461 Obtinet
1531 1399 1704 1461 enim
1733 1397 1911 1480 prius
1940 1398 2011 1460 in
2042 1398 2319 1462 carmine
2350 1401 2489 1461 Me-

184 1499 539 1566 diolanensis
586 1503 822 1567 codicis
848 1504 1310 1580 communiter,
1360 1496 1432 1567 in
1473 1504 1753 1569 carmine
1799 1506 1876 1566 de
1915 1503 2209 1587 passione
2250 1504 2493 1567 Christi

183 1606 403 1670 cornico
460 1631 716 1692 semper
731 1657 750 1684 ,
797 1610 1151 1672 secundum
1194 1608 1450 1674 schema
1491 1609 1562 1672 in
1608 1609 2064 1673 Benedictione
2093 1610 2486 1687 Hiberniae3

182 1713 274 1773 sed
311 1714 647 1777 alternatio
690 1713 858 1776 inter
901 1726 1242 1797 utrumque
1274 1714 1342 1777 in
1373 1715 1513 1778 aliis
1543 1715 1655 1778 vix
1683 1715 1904 1798 negari
1931 1725 2163 1798 potest,
2200 1737 2256 1778 e.
2291 1738 2386 1799 gr.
2424 1717 2494 1779 in

180 1819 447 1882 membris
482 1820 627 1902 jam
673 1820 863 1903 primi
904 1843 1122 1883 versus
1153 1819 1407 1904 Hymni
1449 1820 1520 1883 in
1565 1821 1634 1883 S.
1672 1819 2049 1898 Patricium,
2086 1821 2267 1905 cujus
2313 1823 2491 1906 prius

180 1943 295 1985 esse
332 1926 518 1988 debet
558 1925 792 2010 prioris
827 1925 1191 2002 schematiS,
1225 1947 1309 1988 ne
1338 1924 1540 2008 major
1568 1936 1867 1990 accentus
1898 1938 2173 2009 ponatur
2201 1929 2271 1990 in
2302 1929 2489 2014 sylla-

177 2025 257 2090 bis
283 2029 632 2095 formativis
667 2030 1023 2113 aliquibus:

864 2133 1110 2199 Gdnair
1124 2130 1389 2217 pdtraic
1419 2137 1449 2200 i
1470 2136 1785 2200 nemthzir.

177 2237 521 2305 Secundum
564 2251 787 2304 autem
829 2240 1090 2304 nonnisi
1141 2241 1401 2304 secundi
1449 2264 1586 2306 esse
1632 2254 1880 2326 potest,
1928 2243 2079 2326 quia
2118 2246 2345 2329 majori
2388 2269 2488 2310 ac-

173 2356 343 2408 centu
383 2346 454 2409 in
484 2346 751 2432 syllabis
780 2346 1262 2430 principalibus,
1297 2369 1431 2411 non
1461 2348 1835 2426 formativiS,
1872 2349 2080 2431 posito
2110 2352 2371 2415 nonnisi
2400 2352 2491 2416 ita

171 2452 392 2532 prodit:

964 2556 1150 2620 ishe'd
1176 2559 1362 2643 adsbt
1389 2556 1667 2624 iscelaib.
1773 2643 1780 2652 ἱ

317 2666 422 2728 An
465 2663 870 2749 germanicus
914 2664 1275 2747 proferendi
1317 2667 1555 2730 modus.
1588 2670 1972 2731 concedetur
2012 2666 2083 2730 in
2122 2667 2244 2730 hoc
2283 2667 2490 2730 hiber·

171 2766 295 2832 nico
348 2791 534 2836 versu
590 2769 1016 2852 frequentiore
1062 2769 1285 2832 ceteris
1328 2780 1393 2833 et
1433 2771 1686 2854 aequali
1728 2774 1856 2835 fere
1897 2772 2260 2856 germanico
2304 2773 2490 2836 solito

171 2877 378 2953 versui,
413 2877 506 2940 ita
534 2886 614 2939 ut
645 2875 776 2938 sint
803 2875 875 2937 in
917 2869 1139 2957 quovis
1169 2876 1455 2939 membro
1482 2878 1647 2940 duae
1678 2887 1932 2941 tantum
1961 2875 2239 2962 syllabae
2268 2900 2487 2941 accen-

170 2989 259 3043 tus
285 2977 866 3065 praedominantisi
909 2981 995 3042 Et
1023 2990 1100 3042 ut
1127 2980 1330 3063 possit
1359 2971 1793 3063 pronuntiari:
2007 2977 2010 2980 ’
2048 2971 2084 2984 ’-

467 3086 716 3151 Genair
733 3085 997 3168 pcitraic
1027 3085 1056 3147 i
1081 3085 1374 3148 ne'mthur
1407 3085 1427 3173 ΙΙ
1462 3087 1647 3151 ished
1671 3090 1856 3173 aeffe't
1882 3087 2171 3152 ἱεοὲἷαίό.

317 3196 527 3258 Debet
567 3192 719 3258 addi
762 3191 889 3267 his,
923 3190 1342 3253 animadverti
1377 3192 1701 3256 interdum
1731 3195 1889 3273 duas
1921 3194 2195 3276 syllabas
2224 3193 2487 3257 minoris

169 3311 466 3376 accentus,
497 3321 554 3362 e.
593 3320 690 3381 gr.
726 3296 1069 3361 articulum
1098 3297 1200 3359 vel
1228 3291 1609 3379 particulam
1638 3298 1910 3362 duarum
1942 3299 2347 3382 syllabarum,
2384 3301 2487 3363 vel

168 3405 338 3468 etiam
378 3401 646 3470 nomina
688 3404 920 3467 vocalis
963 3401 1169 3465 brevis
1199 3400 1513 3479 radicaIIS‚
1549 3402 1786 3486 positas
1816 3404 1955 3466 loco
1985 3405 2177 3466 unius
2209 3405 2487 3489 syllabae

167 3510 406 3575 minoris
451 3522 777 3587 accentu8‚
814 3519 888 3573 ut
926 3530 1109 3572 voces
1156 3510 1344 3584 dona,
1383 3530 1558 3584 acm,
1572 3508 1725 3592 firu
1769 3509 1838 3572 in
1877 3508 1979 3572 his
2009 3512 2485 3576 Benedictionis

168 3614 499 3681 Hiberniae
528 3617 722 3681 locis:

732 3717 920 3785 abre'o
951 3715 1048 3782 62⁰7·
1078 3721 1245 3783 dona
1275 3719 1479 3782 dbseb.

734 3848 885 3890 acus
917 3821 1048 3889 bitk
1081 3823 1523 3911 benndchfiru
1551 3829 1832 3892 maiman.

313 3934 506 4019 Apud
561 3927 884 3995 Hibernos
945 3940 1231 3994 vetustos
1284 3942 1349 3994 et
1401 3933 1705 3996 Cambros
1760 3927 2148 3996 constructio
2197 3934 2482 4017 po‘eticae

165 4036 468 4114 orationiS,
504 4038 751 4101 ratione
792 4057 927 4101 non
967 4036 1187 4100 habita
1231 4039 1640 4119 quorundum
1685 4061 1847 4121 quae
1890 4051 2044 4102 sunt
2085 4040 2339 4124 propria
2377 4041 2480 4105 his

163 4139 253 4201 vel
277 4142 424 4220 illis,
453 4143 525 4206 in
555 4165 784 4226 genere
815 4154 912 4206 est
941 4144 1183 4206 eadem.
1234 4141 1448 4205 Facile
1478 4144 1629 4206 inde
1661 4144 1859 4207 statui
1887 4144 2140 4228 poterit,
2170 4168 2317 4208 cum
2348 4169 2480 4210 mo-

160 4263 289 4309 rum
329 4249 681 4332 priscorum
723 4271 969 4331 semper
1016 4248 1402 4311 tenacissimi
1445 4249 1685 4313 fuerint
1730 4247 1937 4312 celtici
1981 4250 2236 4333 populi,
2288 4252 2481 4315 etiam

161 4354 316 4432 apud
345 4366 588 4418 veteres
612 4352 888 4420 Druidas
919 4365 983 4418 et
1006 4355 1248 4417 Bardos
1279 4353 1541 4437 gallicos
1565 4356 1922 4420 carminum
1945 4356 2482 4419 constructionem

159 4474 277 4520 non
322 4460 518 4523 fuisse
550 4460 882 4523 diversam.
947 4461 1205 4522 Horum
1236 4461 1491 4542 quidem
1522 4460 1784 4524 omnino
1813 4461 1980 4524 nihil
2005 4473 2297 4545 superest
2314 4488 2331 4537 3
2376 4466 2487 4526 sed
2569 4546 2579 4556 η

1948 4564 2078 4624 58*

2472 4719 2479 4725 -
2503 4661 2620 4738 *³5³
