3150 5242
626 386 750 447 900
1010 380 1131 447 VI.
1176 390 1231 445 1.
1299 403 1474 446 onno
1504 399 2062 446 cons'rnuc'rloms
2094 400 2558 445 Bm'rAchAE.

798 557 1058 618 Praeter
1101 552 1480 635 subjectum,
1518 561 1593 613 ut
1635 550 1702 613 in
1749 550 2135 614 enumeratis
2165 550 2490 635 exemPIiS,
2523 549 2909 632 praemittitur

624 661 818 725 etiam
872 661 1041 743 quod
1091 659 1160 721 in
1214 658 1538 721 communi
1593 657 2064 721 constructione
2112 667 2208 720 est
2251 656 2561 739 objectum
2599 654 2912 718 sententiae

628 789 774 829 cum
818 768 1039 830 eadem
1080 764 1395 847 particula
1439 787 1479 826 a
1524 774 1675 826 ante
1715 786 1985 847 sequens
2028 765 2316 839 verbum,
2351 784 2509 846 quae
2535 742 2717 844 Juxta
2752 761 2849 846 yd,
2878 783 2911 845 y

631 872 1014 955 particulam
1043 870 1485 932 affirmativam
1519 871 1876 933 absolutam
1920 870 2188 933 dicenda
2218 880 2313 932 est
2341 868 2597 931 relativa
2628 870 2714 950 (p.
2748 870 2908 948 422):

625 979 804 1041 karw
850 999 891 1040 a
920 975 1131 1038 weleis
1170 999 1301 1059 yny
1315 975 1537 1058 forest
1565 979 1850 1057 (cervum
1881 976 2012 1038 vidi
2042 976 2112 1038 in
2144 976 2331 1056 silva)
2366 980 2426 1051 2,
2467 983 2524 1036 7.
2558 996 2631 1035 ae
2670 972 2843 1035 varch
2880 993 2914 1033 a

618 1081 913 1169 qymerth
953 1106 995 1167 y
1039 1082 1396 1144 marchawc
1438 1103 1516 1143 ar
1556 1080 1865 1164 weirqlod
1902 1105 1944 1145 a
1984 1080 2321 1167 yyrchwys
2354 1083 2444 1163 (et
2488 1101 2712 1162 equum
2750 1099 2912 1141 suum

626 1189 858 1253 sumsit
886 1210 1077 1271 eques
1108 1199 1173 1250 et
1203 1198 1457 1271 pratum
1487 1187 1701 1270 petiit)
1742 1197 1797 1264 1,
1836 1192 1983 1249 240.

794 1294 1014 1376 Hujus
1056 1293 1305 1376 generis
1350 1304 1446 1357 est
1485 1294 1680 1356 etiam
1717 1293 2228 1376 frequentissima
2271 1290 2646 1355 narrationis
2682 1289 2918 1353 formula

623 1423 718 1477 ea,
754 1399 824 1461 in
867 1422 992 1482 qua
1033 1410 1178 1483 post
1217 1399 1613 1462 infinitivum
1657 1410 2014 1482 sequuntur
2042 1401 2234 1463 verba
2261 1398 2594 1462 auxiliaria
2620 1396 2809 1460 activa
2828 1417 2918 1479 90·

506 1592 511 1597 .
621 1528 874 1590 ruffum,
904 1505 1309 1588 qwneuthum
1343 1504 1512 1587 (feci,
1540 1505 1833 1586 perfeci):
1872 1504 2147 1590 achyscu
2169 1527 2363 1567 aoruc
2384 1526 2466 1588 ψ’
2490 1503 2915 1586 amberawdyr.

622 1613 863 1697 aqofyn
905 1633 1100 1674 aoruc
1128 1611 1340 1694 kynon
1373 1614 1464 1691 (et
1492 1610 1764 1672 dormire
1794 1611 2002 1694 coepit
2031 1610 2393 1693 imperator,
2431 1631 2720 1693 quaerere
2748 1605 2925 1690 coepit

623 1721 733 1800 C.)
756 1727 813 1794 1,
836 1724 895 1779 2.
927 1717 1205 1779 adnabot
1228 1715 1516 1779 awnaeth
1539 1739 1582 1800 y
1600 1738 1742 1799 ρων
1759 1716 2288 1799 (animadvertere
2311 1717 2522 1800 coepit
2545 1715 2662 1798 vir)
2692 1724 2745 1792 1,
2767 1721 2819 1777 6.
2854 1713 2922 1774 In

621 1825 723 1887 his
767 1823 905 1886 sine
943 1844 1016 1884 eo
1047 1822 1348 1883 narrandi
1378 1823 1565 1884 modo
1597 1833 1900 1885 consueto
1932 1834 2096 1885 esset
2126 1822 2485 1886 communis
2517 1843 2735 1886 vocum
2761 1819 2920 1883 ordo:

619 1954 661 2015 y
695 1930 980 2014 kyscwys
1008 1948 1090 2011 yr
1119 1925 1589 2012 amberawdyr,
1624 1951 1666 2012 y
1689 1930 2027 2012 qofynwys
2058 1929 2293 2012 kynon.
2641 1936 2656 1941 ”

795 2036 948 2096 Non
991 2032 1323 2095 insolitum
1360 2032 1533 2094 hunc
1564 2055 1756 2095 usum
1787 2034 2172 2096 cambricum
2201 2034 2652 2116 praemittendi
2680 2033 2742 2094 in
2769 2030 2927 2092 initio

623 2139 976 2204 sententiae
1021 2137 1406 2200 substantivi
1442 2139 1509 2200 in
1541 2138 1858 2221 positione
1888 2139 2178 2202 absoiuta
2207 2143 2622 2223 comprobant
2651 2139 2792 2199 haec
2819 2136 2925 2197 duo

622 2246 936 2327 exempla,
974 2244 1042 2306 in
1078 2244 1309 2326 quibus
1340 2246 1730 2326 praecedunt
1761 2243 2149 2307 notificanda
2179 2267 2328 2328 prae
2360 2246 2528 2322 aliis,
2557 2265 2780 2307 nomen
2806 2262 2927 2324 pro-

620 2352 832 2436 prium
862 2350 931 2412 in
964 2371 1116 2425 une,
1154 2349 1629 2412 substantivum
1660 2371 1808 2411 cum
1838 2350 2189 2432 appendice
2219 2350 2487 2413 relativa
2515 2351 2585 2413 in
2616 2351 2822 2423 altero,
2853 2346 2929 2407 ita

621 2457 911 2535 absoluto
956 2456 1166 2532 mod0,
1205 2466 1279 2517 ut
1321 2478 1438 2518 nec
1483 2454 1844 2537 subjectum
1884 2476 2003 2517 nec
2046 2455 2365 2538 objectum
2409 2456 2630 2539 quaeri
2665 2454 2848 2539 possit
2872 2452 2929 2513 in

622 2563 746 2628 eis:
798 2563 1085 2626 madawo
1130 2562 1253 2625 uab
1285 2562 1602 2624 maredud
1626 2561 1789 2623 aoed
1814 2559 1981 2623 idaw
1998 2582 2223 2647 powys
2252 2584 2382 2647 yny
2418 2563 2760 2650 theruyneu
2788 2559 2930 2642 (Ma-

622 2682 761 2733 taco
799 2668 931 2732 filio
963 2671 1059 2732 M.
1096 2679 1230 2730 erat
1262 2667 1536 2730 Powisia
1579 2667 1749 2730 intra
1791 2668 1952 2729 fines
1984 2687 2167 2742 suos3
2214 2670 2295 2731 ad
2323 2671 2628 2732 verbum:
2674 2670 2931 2730 Matacus

620 2777 792 2838 filius
819 2778 944 2851 M.‚
973 2785 1110 2837 erat
1139 2773 1196 2835 ei
1222 2774 1526 2855 Powisia)
1556 2779 1616 2850 2,
1651 2779 1795 2834 371.
1830 2794 1911 2856 yr
1939 2773 2250 2856 ymdidan
2271 2796 2472 2857 yoreu
2496 2798 2537 2837 a
2561 2796 2794 2859 wypom
2815 2770 2933 2835 ηἰη-

621 2904 743 2945 neu
771 2882 941 2944 niae
964 2881 1289 2963 dywedwn
1313 2879 1420 2943 itti
1440 2880 1549 2959 (ad
1573 2881 1870 2942 verbum:
1907 2879 2187 2941 narratio
2211 2878 2453 2961 optima
2478 2903 2672 2962 quam
2695 2879 2933 2942 sciemus

621 3009 763 3063 nos,
797 3007 913 3048 nos
946 3007 1086 3047 eam
1116 2984 1516 3047 narrabimus
1549 2983 1694 3064 tibi)
1735 2991 1790 3059 1,
1830 2990 1891 3046 2.

792 3069 856 3153 d.
909 3091 992 3153 In
1046 3089 1401 3152 sententiae
1451 3088 1726 3171 duplicis
1779 3090 1881 3151 vel
1931 3089 2307 3172 multiplicis
2360 3098 2743 3174 quacunque
2783 3096 2933 3172 parte

622 3196 816 3280 primi
856 3195 1004 3272 loci,
1044 3194 1504 3278 particularum
1546 3193 1793 3256 ratione
1834 3217 1966 3258 non
2010 3196 2251 3272 habita,
2286 3198 2512 3260 eodem
2556 3200 2742 3262 modo
2782 3215 2934 3258 occu-

621 3311 882 3384 pantur,
920 3311 994 3363 ut
1023 3301 1332 3364 hactenus
1364 3299 1672 3364 traditum
1703 3311 1832 3363 est:
1886 3304 1993 3365 val
2017 3325 2059 3386 y
2086 3301 2339 3385 qweleis
2367 3326 2409 3387 y
2437 3325 2583 3386 ρων
2605 3300 2937 3388 ywynllwyt

609 3407 898 3488 peredur
924 3429 1012 3490 yn
1044 3407 1239 3490 dyuot
1267 3405 1509 3490 kyuodi
1534 3428 1730 3469 aoruc
1762 3414 1828 3469 tu
1857 3428 1935 3468 ar
1957 3428 2116 3491 qaer
2148 3405 2444 3488 (simulac
2468 3408 2569 3471 vir
2592 3428 2784 3470 canus
2807 3400 2937 3465 vidit

627 3514 705 3574 P.
755 3510 1141 3586 venientem,
1180 3532 1435 3592 surgere
1482 3510 1691 3594 coepit
1723 3533 1950 3582 versus
1998 3515 2305 3591 castrum)
2346 3520 2403 3588 1,
2443 3518 2596 3575 245.
2645 3503 2940 3596 adrythyll

625 3615 840 3681 oedwn
900 3640 941 3679 α
999 3637 1202 3679 mawr
1260 3616 1378 3677 oed
1431 3638 1508 3700 vy
1566 3616 1746 3701 ryvz'c
1798 3617 2089 3699 (vividus
2151 3639 2343 3695 eram·
2381 3629 2445 3681 et
2497 3618 2596 3681 vis
2648 3639 2784 3680 mea
2829 3620 2938 3675 erat

624 3726 885 3805 magna)
926 3729 982 3797 1,
1022 3726 1080 3783 2.
1130 3722 1390 3805 aqwedy
1434 3744 1477 3805 y
1525 3722 1703 3806 heym
1739 3724 1918 3786 uedw
1948 3747 1990 3808 y
2022 3723 2208 3786 deaei
2231 3748 2273 3809 y
2305 3726 2613 3810 kythreul
2639 3724 2775 3787 bien
2798 3717 2939 3805 yllys

625 3827 817 3891 homa.
854 3850 931 3890 ac
957 3851 999 3912 y
1034 3825 1233 3890 lladei
1258 3848 1550 3911 anywyr
1583 3827 1692 3890 oll.
1730 3849 1806 3890 ac
1833 3852 1875 3913 y
1908 3830 2100 3913 ἀγροί
2126 3852 2210 3893 an
2241 3830 2478 3894 meirch
2509 3830 2749 3894 ninneu
2778 3848 2845 3889 ac
2869 3843 2937 3884 an

626 3933 819 3996 dillat
864 3936 1163 4014 (cumque
1216 3953 1495 3994 essemus
1537 3944 1754 3996 mente
1795 3947 2016 4018 captae
2034 3983 2054 4011 ‚
2105 3936 2281 3999 venit
2324 3938 2597 3999 daemon
2642 3932 2939 4018 possidens

626 4050 904 4102 castrum
949 4039 1091 4115 hoc,
1130 4050 1194 4102 et
1238 4060 1457 4101 omnes
1499 4039 1667 4102 viros
1710 4052 1960 4104 nostros
2003 4041 2254 4130 occidit,
2290 4052 2355 4104 et
2399 4063 2597 4124 equos
2629 4050 2863 4103 nostros
2890 4040 2942 4094 et

625 4155 832 4207 vestes
864 4144 1156 4226 abstulit)
1199 4151 1254 4221 1,
1294 4151 1395 4206 36.
1443 4144 1724 4229 ahyspys
1755 4148 1875 4209 oed
1893 4169 2025 4229 yan
2058 4146 2253 4209 owez'n
2284 4169 2370 4209 na
2400 4146 2617 4209 welsei
2644 4147 2726 4229 qs
2741 4143 2946 4225 eiryoet

620 4250 857 4336 ywreic
884 4253 1145 4335 kymryt
1173 4250 1307 4314 ahi.
1344 4298 1357 4312 .
1395 4297 1408 4311 .
1445 4250 1708 4332 aphann
1738 4252 1929 4315 welas
1952 4253 2036 4335 qs
2050 4252 2286 4336 ywreio
2310 4274 2568 4336 ennynu
2592 4246 2868 4314 awnaeth
2888 4263 2942 4304 oe

628 4355 901 4442 charyat
939 4379 1069 4441 yny
1115 4358 1234 4419 oed
1263 4356 1547 4441 qyflawn
1574 4357 1706 4439 pob
1749 4357 1831 4420 lle
1865 4359 2099 4442 yndaw
2131 4361 2224 4438 (et
2260 4369 2504 4421 certum
2537 4368 2675 4420 erat
2704 4357 2938 4421 oweno,

629 4464 798 4544 quod
827 4484 1161 4545 nunquam
1193 4462 1453 4525 vidisset
1483 4462 1814 4525 mulierem
1848 4484 2047 4545 aeque
2069 4463 2412 4545 gratiosam
2437 4485 2588 4525 cum
2615 4485 2711 4537 ea,
2740 4469 2802 4523 et
2826 4472 2948 4518 cum
