3150 5242
199 389 548 432 APPnnmx.
611 389 972 433 sPEcmmA
1004 391 1296 434 comeum
1330 388 1617 434 ulmum.
1655 389 1863 437 muso.
1902 389 2000 432 so.
2037 388 2119 430 ET
2151 388 2253 430 cn.
2354 364 2516 427 1035

198 539 360 602 ciunt
387 539 594 603 activa
624 539 692 602 in
723 540 1201 622 compositione,
1238 542 1395 603 adeo
1426 552 1490 604 et
1520 542 1730 615 adeor,
1770 540 1963 602 subeo
1994 550 2058 600 et
2088 539 2336 610 subeor,
2373 534 2518 596 ineo

196 657 253 707 et
290 645 482 708 ineor.
550 646 842 709 Ovidius·
866 646 934 708 in
979 658 1204 729 quarto
1253 648 1622 709 Fastorum:
1676 646 1796 709 Sol
1835 645 2072 720 aditae,
2108 664 2298 727 quam
2329 662 2517 724 quae—

196 750 298 825 νίς,
346 751 457 827 ait,
508 775 590 814 ne
630 775 799 815 vana
843 753 1109 828 laboreS,
1152 763 1352 835 nupta
1384 752 1564 816 Jovis
1591 752 1818 835 fratri
1857 751 2046 814 tertia
2089 772 2286 833 reyna
2333 756 2514 810 tenet.

194 857 510 919 Juvenalis
555 856 626 920 in
672 858 930 941 quinto:
992 860 1181 928 Quod
1204 859 1267 922 si
1292 861 1641 922 subeuntur
1656 880 1975 940 prospera
2007 866 2243 920 castra.
2309 853 2520 936 Virgi-

195 962 305 1024 lius
359 963 424 1026 in
471 963 754 1026 decimo:
817 966 1034 1028 Morte
1080 966 1250 1029 obita
1295 965 1506 1049 qualis
1533 965 1737 1049 fama
1782 974 1876 1028 est
1915 964 2180 1027 volitare
2201 956 2523 1045 fiyuras.“'

197 1069 368 1139 Facio
395 1093 568 1146 vero,
605 1073 861 1152 quando
892 1094 1040 1135 cum
1070 1071 1647 1156 praepositionibus
1677 1069 2102 1154 componitur,
2139 1068 2418 1131 activum
2448 1067 2523 1127 fit

192 1174 574 1258 plerumque,
616 1189 689 1240 ut
732 1178 939 1241 efficio
980 1191 1044 1241 et
1090 1177 1348 1254 efficior,
1386 1177 1595 1240 afficio
1640 1189 1704 1241 et
1747 1177 2009 1252 afficior,
2046 1174 2258 1238 reficio
2289 1184 2351 1236 et
2381 1173 2521 1235 refi-

194 1280 330 1344 cior.
405 1283 690 1360 Defici0‚
742 1285 998 1366 quando
1039 1307 1153 1368 pro
1198 1284 1489 1367 relinquo
1535 1284 1882 1367 accipitur,
1933 1284 2126 1345 habet
2169 1280 2518 1364 passivum,

196 1390 432 1468 quando
474 1412 625 1453 vero
671 1412 785 1473 pro
827 1387 1216 1467 defetiscor,⁶
1260 1402 1566 1454 neutrum
1610 1402 1729 1454 est.
1793 1389 2128 1452 ,Iuvenalis
2176 1388 2244 1449 in
2295 1385 2518 1447 tertio:

198 1493 298 1555 Sic
323 1495 552 1559 Matho
597 1496 836 1580 deficit.
900 1498 959 1558 A
1001 1497 1188 1561 venio
1217 1520 1364 1561 vero
1395 1494 1744 1560 convenio⁷
1775 1507 1839 1559 et
1868 1495 2230 1569 convenior,
2268 1491 2524 1554 invenio

198 1610 254 1661 et
294 1601 582 1665 invenior
627 1603 696 1664 in
728 1602 1045 1685 passivam
1080 1615 1414 1667 transeunt
1445 1595 2000 1687 significationem.
2066 1603 2126 1663 A
2157 1601 2341 1663 sedeo
2372 1620 2525 1680 quo-

197 1727 306 1787 que
333 1710 589 1773 obsideo
622 1721 689 1773 et
718 1709 1028 1772 obsideor.
1083 1710 1305 1774 Sentio
1335 1722 1663 1785 neutrum,
1701 1731 1781 1771 ex
1811 1730 1885 1771 eo
1916 1707 2193 1770 assentio
2224 1717 2288 1769 et
2316 1726 2528 1768 assen-

200 1811 326 1890 tior,
354 1827 417 1878 et
445 1816 758 1880 dissentio
789 1828 854 1879 et
877 1815 1239 1893 dissentior,
1269 1817 1336 1879 in
1362 1841 1494 1880 una
1517 1818 1864 1898 eademque
1888 1813 2309 1877 inveniuntur
2332 1811 2526 1895 signi-

197 1918 495 1985 ficatione.
563 1923 789 1987 Cicero
835 1925 913 1985 de
956 1924 1316 2006 republica:
1370 1925 1453 1986 In
1494 1923 1719 2007 quibus
1763 1920 2075 1985 assentior
2103 1919 2441 1984 sollicitam
2473 1927 2533 1980 et

188 2026 600 2104 periculosam
624 2029 958 2110 justitiam
1005 2052 1128 2093 non
1172 2052 1303 2093 esse
1343 2029 1672 2112 sapientie.
1741 2028 2028 2091 Lucilius
2070 2028 2140 2089 in
2171 2028 2352 2089 XII:
2403 2028 2530 2088 As-

198 2149 398 2196 census
439 2157 583 2199 sum
614 2135 877 2198 homini.
944 2135 1261 2198 Caecilius
1293 2135 1360 2197 in
1393 2136 1632 2219 primo:
1692 2134 1822 2205 Qui
1849 2135 2214 2217 intellz'yunt
2241 2132 2401 2217 quid
2411 2131 2531 2216 fa,-

201 2235 387 2315 ciant,
441 2241 930 2305 dissentiuntur.
1009 2243 1112 2305 Ex
1156 2241 1297 2304 aliis
1345 2263 1599 2324 quoque
1637 2240 2213 2324 significationibus
2256 2238 2533 2322 plurima

201 2342 496 2427 simplicia
538 2349 617 2411 in
647 2349 827 2424 aliaS,
864 2369 1012 2410 cum
1042 2348 1536 2430 componuntur,
1575 2348 1843 2410 transire
1873 2346 2183 2422 invenies,
2221 2356 2295 2407 ut
2324 2345 2532 2427 plecto

200 2450 480 2517 activum.
554 2456 745 2519 Unde
777 2454 1149 2517 Terentius:
1184 2456 1327 2537 qu
1342 2454 1598 2536 plectar
1614 2455 1924 2536 pendens.
1993 2452 2119 2515 Sed
2149 2453 2229 2515 ab
2260 2473 2333 2513 eo
2364 2473 2531 2514 com-

200 2557 390 2635 posita
429 2573 569 2626 tam
610 2562 997 2645 deponentia
1039 2583 1232 2644 quam
1279 2559 1646 2624 communia
1687 2558 2126 2623 inveniuntur.
2191 2556 2378 2621 Orior
2424 2559 2529 2620 de-

202 2681 459 2745 ponenS,
510 2669 807 2734 similiter
844 2668 1116 2751 partior,
1167 2670 1275 2731 sed
1322 2690 1402 2730 ex
1444 2667 1534 2729 eis
1583 2666 1932 2749 composita
1977 2678 2108 2729 tam
2150 2665 2534 2749 deponentia

206 2788 380 2848 quam
400 2786 636 2838 neutra
659 2774 1100 2850 inveniuntur,
1122 2774 1370 2837 adorior
1383 2770 1412 2808 ⁸
1436 2784 1501 2836 et
1522 2773 1760 2849 adorio,
1782 2773 2109 2857 impertior
2131 2783 2195 2836 et
2213 2771 2530 2854 imperti0.

205 2871 468 2944 Naevius
511 2882 588 2944 in
619 2883 918 2944 Hectore·
944 2880 1412 2965 proficiscente:
1471 2882 1650 2943 Tunc
1689 2880 1858 2962 {usos
1891 2879 2225 2955 adoriant,
2274 2902 2352 2942 ne
2394 2879 2535 2962 quis

205 2976 337 3043 hinc
353 2987 659 3067 Spartam
684 2988 934 3071 referat
951 2986 1265 3050 nuntium.
1310 2984 1621 3068 Virgilius
1638 2985 1709 3047 in
1726 2987 1783 3048 Ι.
1805 2984 2156 3048 Aeneidos:
2186 2985 2369 3048 Hinc
2378 3007 2535 3067 por-

208 3091 324 3150 tum
338 3094 504 3171 petit
528 3103 590 3157 et
617 3094 814 3157 socios
832 3093 1129 3175 partitur
1150 3092 1218 3155 in
1244 3114 1475 3168 omnes.
1529 3092 1869 3155 Terentius
1894 3092 1962 3154 in
1988 3093 2338 3155 Eunucho:
2377 3092 2538 3154 Plu-

206 3190 357 3258 rima
385 3200 594 3263 salute
614 3202 1076 3262 Parmenonem
1106 3220 1418 3261 summum
1442 3220 1627 3261 suum
1651 3197 1933 3280 impertit
1963 3198 2240 3260 Gnatho.
2296 3197 2532 3280 spicio,

208 3315 238 3355 a
265 3320 381 3380 quo
411 3305 652 3389 aspicio
683 3304 984 3380 activum,
1016 3317 1079 3366 et
1110 3326 1188 3366 ex
1219 3326 1292 3366 eo
1323 3305 1652 3388 conspicor
1682 3303 2065 3386 conspicaris
2089 3305 2436 3386 deponens,
2466 3303 2536 3365 in

210 3422 320 3482 quo
364 3412 562 3475 etiam
608 3410 974 3494 conjugatio
1016 3422 1264 3473 mutata
1311 3422 1429 3478 est.
1496 3410 1834 3478 Terentius
1865 3410 1935 3472 in
1966 3409 2540 3473 Heautontimoru-

208 3526 413 3578 meno:
448 3520 805 3601 Nunquam
839 3528 966 3582 tam
997 3539 1184 3579 mane
1208 3516 1518 3601 eqredior,
1547 3539 1747 3599 neque
1771 3527 1899 3581 tam
1924 3516 2186 3599 vesperi,
2217 3516 2371 3599 quin
2396 3539 2538 3579 con-

208 3615 397 3693 spicer
429 3633 485 3688 te
497 3625 738 3708 fodere
768 3634 882 3688 aut
910 3646 1124 3687 arare.
1179 3625 1239 3685 A
1270 3622 1444 3706 perio
1476 3645 1729 3706 quoque
1760 3624 1966 3687 activo
1997 3624 2248 3687 videtur
2279 3622 2539 3704 quibus-

210 3717 343 3787 dam
366 3749 499 3794 esse
525 3726 855 3813 experior⁹
880 3751 1238 3805 commune,
1268 3741 1331 3791 et
1354 3730 1645 3811 opperior
1665 3726 1716 3764 ¹⁰
1740 3730 2086 3814 deponens.
2138 3728 2447 3810 Virgilius
2473 3727 2542 3789 in

212 3822 341 3893 XI:
379 3837 663 3919 Experto
695 3836 951 3911 credite,
988 3845 1263 3919 quantus
1308 3836 1377 3898 in
1422 3836 1694 3917 clipeum
1736 3838 2066 3920 adsuryat.
2133 3838 2544 3917 Quamquam

212 3930 463 4019 simplex
488 3943 625 4025 ejus
648 3943 893 4025 peritus
918 3941 1022 4018 sit,
1046 3940 1227 4024 cujus
1253 3943 1517 4004 verbum
1541 3942 1612 4004 in
1637 3964 1759 4005 usu
1780 3965 1910 4007 non
1933 3940 2111 4018 est,¹¹
2132 3942 2301 4025 quod
2323 3939 2545 4002 debuit

212 4100 308 4115 κζ.

247 4211 258 4218 .
340 4231 368 4279 5
409 4232 519 4302 (Pr.
550 4233 637 4285 Cr.
667 4232 723 4284 in
749 4233 944 4303 marg.)
978 4252 1034 4285 ..1
1063 4233 1220 4285 amba
1231 4231 1591 4301 srztlttechtaz

341 4320 369 4364 6
407 4318 515 4387 (Ρ1·.
547 4319 641 4388 Sg.
675 4318 861 4388 1151))
848 4337 904 4371 111
931 4319 1052 4372 cod.
1083 4319 1371 4372 difficiscor
1400 4338 1457 4371 ..1
1485 4317 1817 4370 arachrinim
1893 4323 1918 4369 7
1965 4318 2073 4389 (Pr.
2106 4319 2220 4389 Cr.)
2253 4337 2309 4372 ..1
2339 4321 2546 4390 adyaur

217 4389 250 4441 l·
276 4396 576 4457 duttluchur
645 4407 674 4457 8
716 4404 826 4474 (Pr.
858 4404 968 4475 Cr.)
1004 4423 1061 4457 ..1
1089 4405 1303 4458 arriutlt

345 4490 373 4537 9
413 4489 522 4558 (Pr.
553 4490 671 4560 Sg.)
706 4509 760 4543 .1.
791 4490 1102 4543 dosceulaim
1190 4494 1249 4542 10
1291 4489 1401 4559 (Pr.
1432 4489 1544 4558 Cr.)
1578 4507 1635 4541 .1.
1649 4488 1958 4557 frisaiccim
2036 4493 2086 4541 11
2139 4489 2250 4558 (Pr.
2282 4490 2401 4560 Sg.)
2431 4510 2546 4545 are-
