3150 5242
530 363 653 423 870
855 363 939 425 V.
977 370 1038 424 2.
1112 382 1507 427 composr'mo
1538 381 1951 426 BRITANNICA
1983 381 2528 427 PARTICULARUM.

536 545 672 596 tae:
728 534 1024 619 dyrnawt
1065 532 1403 617 atkruqar,
1437 532 1698 616 diaspat
1730 532 2047 617 athruyar
2081 533 2318 617 (plaga,
2353 533 2716 597 vociferatio
2759 536 2882 598 mi-

535 640 824 716 seranda,
859 640 1171 703 immensa
1189 663 1208 714 3
1241 669 1330 692 =
1358 640 1697 723 adtruyar,
1734 642 2056 723 attruqar)
2083 640 2259 703 Mab.
2299 646 2361 716 2,
2394 647 2497 702 57.
2530 645 2633 718 58,
2668 640 2742 703 in
2773 642 2882 704 de·

396 788 411 797 -
533 769 741 831 comp.
784 747 1104 831 qoathrist
1132 745 1503 829 (subtristis,
1537 745 1943 828 aliquantum
1973 745 2201 827 tristis)
2233 747 2412 810 Mab.
2433 730 2512 823 Ἰ2,
2553 752 2657 823 23,
2684 747 2883 831 juxta

528 861 787 939 qoatcas
819 852 1240 935 (vexatorius)
1273 852 1449 915 Mab.
1491 858 1551 929 3,
1590 858 1737 914 201.
1803 852 1970 914 Item
1998 851 2286 914 hodiem.
2323 853 2556 937 athref
2572 854 2877 935 (mansiO,

532 958 895 1043 possessio),
925 959 1201 1043 athrefiq
1231 957 1676 1039 (domesticus3
1712 990 1799 1011 =
1827 958 2077 1021 hibern.
2108 959 2354 1035 adtreb,
2381 981 2448 1042 p.
2480 964 2656 1041 838),
2684 960 2884 1042 juxta

536 1068 679 1129 adv.
715 1067 912 1149 atres,
956 1065 1164 1149 adres
1182 1066 1498 1147 (domum)
1531 1066 1708 1128 Mab.
1752 1072 1809 1141 1,
1849 1070 1952 1126 20.
1993 1069 2053 1140 2,
2093 1068 2238 1125 231.
2302 1066 2883 1128 Adnumerandum

532 1173 634 1236 his
666 1183 762 1235 est
793 1173 995 1235 subst.
1033 1193 1209 1254 aper,
1244 1171 1394 1234 hod.
1431 1172 1584 1234 aber
1615 1172 1878 1253 (ostium
1912 1170 2146 1252 fluvii),
2182 1181 2391 1234 ortum
2422 1192 2501 1234 ex
2533 1172 2750 1248 adher,
2782 1180 2881 1235 at-

535 1281 643 1342 ber
674 1282 766 1363 (p.
808 1282 983 1361 169).
1048 1279 1278 1341 Forma
1313 1277 1640 1360 primitiva
1666 1277 1862 1341 etiam
1891 1276 2079 1340 hodie
2111 1288 2397 1341 servatur
2425 1288 2558 1340 tam
2588 1288 2740 1341 ante
2768 1300 2877 1340 vo-

532 1386 698 1448 cales
729 1407 921 1468 quam
951 1395 1101 1448 ante
1132 1405 1479 1448 consonas:
1516 1386 1769 1449 addoed
1790 1388 2068 1466 (tempus
2100 1382 2460 1461 definitum,
2490 1384 2866 1465 addictum),

535 1492 873 1576 addfwyn,
911 1491 1343 1576 addfwynder
1374 1492 1708 1571 (urbanuS,
1742 1490 2123 1572 urbanitas).

703 1599 840 1660 AM
872 1596 1198 1681 (circum):
1252 1598 1372 1679 hep
1403 1599 1786 1681 amqnaubot
1814 1597 1930 1680 (gl.
1967 1596 2105 1659 sine
2146 1607 2361 1659 mente
2379 1621 2397 1672 3
2433 1595 2478 1659 i.
2515 1618 2570 1659 e.
2608 1596 2880 1660 circum·

534 1705 921 1789 spectione),
971 1703 1203 1768 amlais
1245 1704 1359 1785 (gl.
1412 1703 1686 1766 demissa
1702 1728 1721 1779 3
1778 1704 1822 1766 i.
1869 1726 1926 1766 e.
1976 1702 2458 1779 circumsoluta,
2514 1681 2737 1785 vestis)
2782 1703 2876 1786 gl.

532 1812 744 1874 Oxon.
777 1814 1136 1895 ystondard
1175 1809 1400 1875 amlwc
1432 1809 1766 1891 (vexillum
1813 1810 2230 1894 explicatum)
2263 1811 2440 1874 Mab.
2480 1814 2540 1886 2,
2578 1814 2728 1871 385.
2797 1811 2881 1872 In

531 1917 673 1980 aliis
704 1917 1094 1993 varietatem,
1125 1916 1631 1992 multitudinem,
1661 1916 1810 1979 inde
1841 1917 2034 1979 etiam
2063 1916 2491 1979 intensionem
2515 1916 2875 1999 significat:

531 2023 745 2087 amliw
791 2023 1181 2105 (versicolor)
1215 2024 1392 2086 Mab.
1437 2029 1493 2098 1,
1534 2028 1680 2084 278.
1741 2022 2050 2086 amdlawt
2095 2025 2395 2105 (egenus;
2445 2023 2528 2085 cf.
2576 2021 2871 2099 didlawt,

532 2129 729 2207 diveS,
753 2130 950 2206 dlodi,
973 2132 1342 2213 paupertas)
1363 2133 1423 2205 2,
1448 2134 1550 2191 23.
1583 2129 1910 2214 amryfael
1928 2135 2358 2209 (numerosus,
2377 2129 2616 2211 varius)
2641 2137 2700 2205 1,
2724 2135 2871 2191 246.

701 2236 932 2299 Forma
984 2229 1226 2299 uariata
1269 2235 1464 2319 hujus
1505 2235 1857 2319 particulae
1900 2247 1997 2298 est
2042 2235 2200 2311 OM,
2237 2257 2317 2297 ex
2363 2257 2489 2318 qua
2529 2237 2687 2313 EM,
2739 2238 2876 2300 YM

533 2345 755 2408 eodem
797 2344 986 2405 modo
1032 2333 1205 2405 ortae
1244 2342 1458 2425 putari
1500 2351 1825 2424 poterunt,
1861 2351 1937 2403 ut
1978 2340 2105 2419 ke-,
2143 2341 2255 2426 hy·
2286 2362 2321 2403 e
2364 2341 2712 2405 vetustiore
2743 2342 2874 2418 Ιιο-,

532 2451 647 2516 ku·
680 2453 772 2534 (p.
815 2455 959 2511 109.
1002 2451 1175 2530 110).
1249 2448 1492 2511 Adesse
1535 2458 1753 2511 tamen
1792 2447 2046 2510 videtur
2089 2457 2236 2537 tam²
2264 2448 2464 2511 forma
2508 2448 2637 2510 im·
2684 2469 2881 2531 quam

531 2577 657 2621 om-
680 2557 819 2641 jam
847 2556 1016 2618 inter
1044 2554 1285 2639 glossas
1317 2556 1669 2618 Luxemb.:
1708 2553 2085 2618 o'mcobloent
2114 2555 2230 2639 (gl.
2262 2564 2570 2640 apocant3
2607 2553 2652 2616 i.
2683 2576 2743 2617 e.
2778 2577 2878 2617 ca·

529 2664 934 2728 lumniantur
972 2662 1283 2726 invicem?
1330 2663 1516 2726 oablu
1543 2662 1724 2724 Mab.
1764 2667 1824 2737 3,
1863 2663 2051 2743 267),
2100 2661 2455 2745 imroqalou
2487 2661 2605 2745 (gl.
2640 2660 2873 2745 orgiis;

531 2794 614 2836 an
646 2771 1102 2835 conferendum
1133 2789 1410 2854 emreyn,
1445 2778 1714 2830 mutuus
1745 2768 2102 2851 amplexuS,
2131 2767 2360 2843 coitus,
2390 2769 2546 2851 Leg.
2580 2773 2640 2831 2.
2678 2775 2704 2828 1
2723 2816 2737 2831 .
2773 2774 2872 2829 10.

540 2885 649 2954 19;
691 2881 794 2954 20,
830 2898 910 2939 ex
942 2875 1246 2959 emroqin,
1284 2875 1469 2939 aliter
1494 2874 1854 2937 derivatum
1883 2895 1964 2936 ex
1994 2875 2214 2936 eadem
2243 2873 2451 2937 radice
2461 2873 2540 2956 3).

706 2985 798 3047 Ut
840 2982 1166 3045 hibernica
1213 2981 1394 3045 imm·
1424 2984 1518 3064 (p.
1560 2984 1712 3063 847)
1745 2978 2143 3063 significatur
2184 2979 2376 3042 etiam
2416 2980 2536 3043 hae
2565 2980 2881 3043 cambrica

533 3113 681 3168 em-,
716 3111 850 3176 Ψη-
882 3088 1047 3152 actio
1087 3088 1428 3171 reciproca,
1466 3087 1511 3150 i.
1547 3109 1606 3150 e.
1642 3097 1869 3150 mutua
1909 3086 2079 3148 inter
2119 3087 2280 3148 duos
2317 3086 2417 3148 vel
2446 3086 2702 3169 plures:
2756 3107 2878 3149 em-

534 3195 849 3260 deveduck
894 3193 1422 3278 (colloquimini),
1474 3192 1820 3256 emdhihan
1866 3191 2283 3273 (collocutio)
2316 3181 2472 3275 Leg.
2513 3197 2572 3254 2.
2617 3200 2721 3256 11.
2764 3200 2871 3268 ¹43

533 3309 638 3366 48.
683 3303 913 3390 ymlad
948 3303 1222 3386 (pugna)
1255 3302 1432 3364 Mab.
1476 3308 1532 3377 1,
1572 3305 1719 3362 235.
1755 3299 2045 3385 ymwelet
2087 3297 2328 3380 (videre
2372 3298 2681 3376 invicem,
2732 3299 2877 3362 visi-

532 3414 706 3493 tare)
752 3410 929 3472 Mab.
972 3416 998 3470 1
1024 3456 1044 3485 ,
1082 3412 1187 3470 20.
1227 3413 1373 3470 259.
1431 3407 1789 3493 ymdidamc
1832 3404 2193 3489 (colloqui)
2239 3405 2417 3467 Mab.
2454 3404 2540 3487 fq.
2605 3397 2879 3490 quaru

532 3521 770 3599 (amare
814 3513 1089 3578 invicem
1105 3561 1126 3590 ,
1176 3513 1503 3597 amplecti)
1549 3513 1730 3576 Mab.
1772 3520 1830 3589 1,
1869 3516 1972 3574 25.
2022 3510 2377 3596 ymyyrchu
2410 3511 2673 3592 (adoriri
2718 3511 2875 3574 invi-

532 3628 699 3708 cem)
738 3631 795 3700 1,
828 3628 931 3684 24.
999 3621 1167 3683 Item
1207 3620 1277 3682 in
1321 3621 1609 3701 decomp.
1650 3615 2317 3703 quedymdeithassu
2348 3615 2675 3698 (associari
2718 3617 2875 3680 invi-

533 3752 671 3795 cem
688 3753 706 3806 ;
743 3751 778 3792 e
809 3728 1011 3792 subst.
1049 3724 1552 3812 kedymdeithas,
1592 3723 1886 3806 societas)
1921 3729 1981 3799 3,
2024 3729 2168 3784 149.

703 3837 907 3899 Juxta
947 3835 1115 3897 hanc
1145 3833 1394 3897 obtinet
1422 3829 1806 3914 significatio
1829 3823 2105 3893 'actionis
2134 3829 2204 3891 in
2235 3851 2323 3907 se,
2363 3830 2409 3893 i.
2445 3851 2501 3893 e.
2536 3830 2870 3895 reflexiva:

532 3942 874 4032 ymritkaw
921 3961 1116 4004 aoruc
1158 3959 1359 4002 menw
1398 3959 1487 4023 yn
1529 3936 1665 4000 ritk
1708 3938 1942 4022 ederyn
1974 3940 2248 4019 (mutare
2278 3958 2346 3999 se
2377 3937 2474 3999 M.
2510 3935 2581 3998 in
2601 3936 2876 4022 „formam

532 4051 694 4134 avis)
726 4050 903 4113 Mab.
944 4054 1006 4124 2,
1043 4051 1191 4109 239.
1235 4045 1588 4131 ymdanqos
1631 4064 1826 4106 aoruc
1853 4064 2162 4128 yuorwyn
2193 4041 2365 4106 idaw
2399 4046 2788 4131 (monstrare
2819 4063 2876 4105 se

532 4156 743 4241 coepit
784 4155 999 4239 puella
1043 4152 1129 4236 ei)
1169 4160 1225 4230 1,
1263 4156 1368 4214 28.
1417 4148 1613 4215 arodi
1640 4150 1857 4234 dwfisr
1883 4171 1926 4234 y
1955 4147 2235 4234 ymolcki
2260 4169 2454 4212 aoruc
2482 4172 2524 4234 y
2556 4148 2760 4211 owein
2793 4151 2875 4230 (et

531 4268 681 4330 dare
710 4284 941 4348 aquam
971 4262 1053 4325 ad
1081 4259 1428 4323 lavandum
1453 4257 1726 4339 Oweno)
1761 4262 1818 4332 1,
1854 4261 1955 4317 15.
1991 4263 2249 4340 amynet
2277 4255 2510 4318 ruthur
2538 4277 2582 4341 y
2614 4255 2872 4319 wrthaw

533 4396 610 4437 ac
639 4372 1019 4460 quudyaw
1052 4370 1147 4449 (et
1174 4365 1461 4429 recedere
1492 4363 1571 4427 ab
1603 4383 1678 4425 eo
1707 4373 1774 4425 et
1802 4361 2126 4438 abscondi,
2158 4360 2367 4444 coepit
2394 4361 2641 4446 puella)
2682 4368 2740 4437 1,
2774 4366 2866 4421 27.

531 4479 727 4544 meiat
764 4480 858 4564 yd
892 4481 1227 4562 querynt
1267 4492 1345 4535 ac
1383 4478 1501 4557 nyt
1537 4469 2157 4555 quanlynnassant
2191 4469 2403 4550 (valde
2445 4489 2513 4531 se
2544 4469 2863 4538 amabant,
