3150 5242
903 455 1019 518 IV.
1062 461 1118 516 1.
1189 475 1529 518 ADVERBIA
1560 452 1992 521 Bmmnch.
2490 462 2614 522 575

452 631 510 685 5.
558 623 977 686 Adverbia
1022 623 1453 707 primitiva
1495 627 1597 689 vel
1640 626 2015 690 obscurioris
2046 626 2332 710 011811118.
2396 627 2612 691 Cam-

259 727 533 791 brica:
570 750 755 804 nezer,
795 728 966 813 byth,
1005 739 1211 806 ettwa,
1247 753 1507 816 namyn.

443 835 702 897 NEUR
734 834 967 917 (jam):
1016 835 1267 919 ackymz
1315 835 1668 920 kyflauanu
1699 860 1732 899 o
1762 839 1878 900 neb
1909 860 2152 901 arnaw.
2189 862 2347 903 nem·
2377 841 2620 905 daroed

262 963 307 1023 y
352 939 589 1002 arthur
636 939 754 1000 lad
789 962 831 1023 y
864 941 1023 1003 bema
1053 943 1147 1021 (et
1181 952 1523 1023 antequam
1554 945 1876 1007 accederet
1905 943 2133 1026 aliquis
2165 946 2245 1006 ad
2274 967 2444 1021 eum,
2482 968 2611 1009 cer-

262 1067 448 1119 vum,
480 1043 618 1126 jam
647 1043 966 1106 abscisum
995 1056 1129 1108 erat
1159 1045 1218 1107 ei
1247 1036 1439 1128 caput
1469 1049 1549 1109 ab
1578 1050 1694 1130 A.)
1728 1051 1903 1111 Mab.
1944 1054 2004 1125 2,
2044 1055 2146 1111 22.
2198 1050 2411 1131 aphau
2442 1051 2610 1113 ordi-

267 1151 640 1211 wedassant
678 1172 719 1232 y
770 1150 882 1211 lla.
918 1172 1076 1212 near
1106 1151 1507 1235 dz’syynassei
1533 1154 1763 1216 arthur
1792 1156 1936 1217 aelu
1967 1157 2143 1235 (011111
2171 1168 2613 1237 processerunt

268 1253 529 1337 copiae,
570 1253 709 1336 jam
751 1255 1158 1319 descenderat
1199 1262 1281 1318 A.
1327 1279 1474 1318 cum
1518 1258 1826 1340 exercitu)
1875 1262 2050 1323 Mab.
2091 1266 2164 1336 2,
2207 1267 2350 1323 380.
2424 1262 2611 1324 Addo

268 1358 569 1441 exempla
598 1360 941 1422 formarum
963 1362 1151 1424 NEU
1178 1372 1241 1423 et
1263 1362 1543 1424 NEUT:
1582 1385 1705 1426 neu
1728 1364 2038 1427 clzwz‘tlzeu
2054 1388 2195 1447 pan
2222 1366 2604 1430 doetkawck.

269 1484 437 1526 near
478 1463 769 1526 doetham
798 1488 840 1549 y
871 1467 1048 1529 erebi
1075 1468 1270 1530 olwen
1301 1468 1581 1550 dyuerck
1613 1467 1783 1550 (jam
1811 1491 1922 1531 vos
1954 1493 2065 1532 cur
2096 1471 2394 1535 venistis?
2436 1472 2610 1534 veni-

271 1591 421 1630 mus
466 1569 826 1651 quacsitum
868 1572 948 1634 O.
995 1572 1195 1634 filiam
1241 1576 1444 1653 tuam)
1478 1575 1654 1635 Mab.
1695 1578 1753 1649 2,
1794 1579 1938 1636 219.
1986 1598 2029 1659 y
2054 1597 2194 1658 qwr
2239 1598 2422 1639 raeco
2462 1586 2614 1640 neat

269 1695 479 1736 marw
510 1674 752 1737 kaeach
777 1676 899 1757 (vir
928 1676 1036 1738 ille
1056 1677 1193 1759 jam
1216 1688 1504 1740 mortuus
1531 1680 1653 1759 est)
1683 1684 1742 1754 2,
1777 1685 1879 1741 59.
1916 1679 2215 1742 aminneu
2237 1690 2388 1744 neat
2405 1682 2611 1764 ydynt

264 1801 362 1862 yn
411 1801 670 1863 ,qynyon
714 1781 907 1843 boneu
947 1804 1024 1866 vy
1069 1783 1276 1865 esyyll
1316 1782 1485 1868 (jani
1528 1794 1681 1846 sunt
1721 1786 2040 1847 destructa
2082 1785 2436 1867 fragmenta
2475 1774 2611 1847 alae

265 1887 485 1965 meae)
520 1890 581 1960 2,
620 1891 766 1948 233.
833 1886 1196 1961 Quaeritur,
1234 1909 1318 1948 an
1358 1908 1488 1948 non
1530 1887 1614 1949 sit
1643 1911 1765 1951 neu
1794 1889 1993 1951 forma
2022 1890 2340 1972 primaria,
2376 1911 2456 1952 ex
2486 1912 2610 1972 qua

265 2011 437 2052 near
468 2011 616 2052 cum
644 1991 1003 2072 praeterite,
1038 2000 1190 2054 nent
1217 2014 1363 2053 cum
1390 1994 1762 2074 praesente?
1851 2074 1861 2083 α

447 2096 707 2157 ΒῩΤΗ
740 2099 1004 2179 (augens
1049 2097 1578 2179 significationem
1620 2098 1854 2180 verbi):
1906 2120 1985 2161 ar
2016 2099 2153 2161 llew
2185 2100 2334 2184 vyth
2363 2123 2456 2184 yn·
2482 2101 2609 2165 dis-

262 2199 514 2283 yreclzu
544 2202 635 2280 (et
657 2201 755 2263 leo
778 2203 1077 2278 multum,
1107 2202 1442 2277 instanter,
1473 2202 1763 2284 ejulavit)
1791 2205 1966 2266 Mab.
2006 2211 2062 2279 1,
2096 2208 2197 2266 36.
2232 2206 2403 2288 yrqfi
2422 2208 2610 2268 admo

268 2304 370 2366 mi
423 2306 678 2388 arodas
717 2303 884 2366 idaw
926 2305 1125 2368 warch
1171 2329 1246 2368 ac
1291 2328 1489 2368 arueu
1535 2308 1684 2390 byth
1731 2311 1868 2390 (per
1907 2310 2136 2384 deum,
2188 2330 2302 2390 ego
2348 2310 2508 2371 dabo
2552 2310 2612 2372 ei

269 2430 517 2490 equum
548 2419 612 2470 et
642 2431 814 2471 arma
843 2414 1037 2492 certe)
1076 2419 1132 2486 1,
1174 2418 1275 2473 29.
1318 2435 1401 2495 ny
1437 2414 1619 2475 doeth
1648 2413 1796 2497 vytlz
1828 2414 2186 2498 drachqun
2219 2417 2377 2494 (non
2406 2437 2610 2477 rever-

272 2534 387 2574 sus
434 2523 532 2574 est
571 2535 857 2596 unquam
887 2515 1180 2597 iterum),
1227 2540 1312 2600 ny
1345 2519 1659 2601 dywedaf
1674 2541 1883 2602 ynneu
1912 2518 2007 2580 eir
2037 2518 2186 2602 byth
2218 2521 2376 2599 (non
2407 2519 2611 2582 dicam

269 2619 543 2681 verbum
573 2620 873 2703 amplius)
914 2630 967 2697 1,
1009 2628 1109 2684 32.
1150 2628 1295 2684 262.

453 2726 773 2788 ETTWA
800 2727 1056 2807 (adhuc,
1078 2728 1242 2810 jam)
1265 2751 1278 2790 t
1316 2738 1432 2813 nyt
1460 2737 1556 2791 oet
1583 2728 1722 2812 ymi
1748 2737 1935 2792 ettwa
1957 2729 2232 2791 wreicka
2256 2731 2414 2809 (non
2438 2739 2610 2794 aetas

272 2828 441 2892 mihi
473 2831 680 2892 adhuc
711 2832 980 2893 ducendi
1008 2836 1297 2913 uxorem)
1325 2835 1501 2895 Mab.
1535 2838 1595 2909 2,
1633 2841 1775 2895 199.
1801 2834 1959 2914 pech
1983 2856 2055 2896 or
2077 2834 2242 2898 enez‘t
2263 2843 2446 2897 ettwa
2472 2836 2612 2917 (ali-

274 2934 435 3017 quid
466 2935 632 2997 vitae
662 2936 892 3012 adhue,
927 2937 997 2998 in
1026 2940 1304 3019 mortuo)
1340 2944 1399 3013 2,
1440 2944 1543 2999 58.
1589 2960 1822 3021 nywmz
1855 2948 2026 3022 awyt
2054 2938 2198 3001 iack
2229 2939 2398 3001 iawn
2430 2949 2612 3004 ettwa

274 3040 544 3120 (nesci0,
579 3062 662 3101 an
683 3040 821 3122 jam
852 3052 949 3103 sat
980 3063 1172 3104 sanus
1204 3042 1316 3123 sis)
1353 3048 1412 3118 2,
1452 3049 1554 3104 56.

449 3146 786 3208 ΝΑΜῩΝ
831 3148 1173 3228 (tantum):
1232 3170 1469 3232 namyn
1521 3170 1601 3209 vn
1655 3147 1798 3208 mab
1850 3167 2019 3208 mam
2062 3169 2104 3208 a
2148 3147 2288 3211 that
2329 3150 2544 3213 oedwn
2590 3151 2619 3212 i

276 3253 562 3331 (tantum
591 3272 760 3313 1111118
791 3252 961 3314 filius
992 3252 1211 3314 matris
1242 3263 1306 3314 et
1333 3252 1530 3334 patris
1562 3254 1762 3331 eram)
1797 3253 1973 3313 Mab.
2012 3258 2067 3326 1,
2101 3257 2161 3312 2.
2220 3253 2320 3315 Cf.
2357 3255 2606 3317 hibern.

275 3358 575 3428 nammci,·
620 3355 932 3417 cambrica
974 3366 1189 3419 tamen
1228 3356 1543 3439 particula
1586 3378 1734 3418 cum
1778 3355 2116 3438 negatione
2158 3359 2422 3421 transire
2455 3362 2615 3423 solet

274 3459 345 3521 in
377 3458 907 3541 significationem
936 3461 1402 3542 conjunctionis
1433 3459 1708 3535 nonnisi,
1747 3469 2016 3546 accepto.

449 3564 821 3627 Cornica.
887 3565 1341 3647 Frequentiora
1383 3575 1536 3627 sunt
1579 3565 1728 3648 byth
1771 3566 2126 3647 (omnino),
2163 3587 2303 3647 par
2345 3568 2607 3649 (valde),

274 3633 438 3730 illud
503 3690 744 3751 augens
814 3669 1343 3751 significationem
1395 3669 1605 3745 verbi,
1665 3671 1783 3732 hoc
1836 3670 2149 3752 adjectivi.
2238 3673 2605 3735 Praeterea:

273 3773 513 3856 neffra,
549 3774 757 3857 nqffre
788 3777 1087 3857 (semper)
1120 3777 1301 3837 Pass.
1340 3782 1400 3850 5,
1439 3782 1499 3836 4.
1535 3782 1636 3850 17,
1667 3782 1728 3836 4.
1764 3783 1865 3851 73,
1903 3783 1957 3837 1.
1980 3798 2197 3857 poran
2229 3778 2447 3856 (recta,
2486 3786 2610 3840 sta-

275 3873 421 3959 ti'm)
457 3885 560 3954 66,
602 3886 660 3940 3.
701 3883 846 3954 210,
889 3886 947 3941 3.
984 3902 1210 3942 neman
1243 3882 1355 3961 (τ-
1384 3881 1619 3942 cambr.
1656 3882 1920 3963 namyn)
1952 3880 2212 3942 fortasse
2242 3882 2470 3965 conjici
2499 3905 2610 3966 po-

276 3983 423 4045 terit
455 4005 489 4044 e
522 3985 704 4045 Pass.
744 3989 846 4058 82,
886 3991 921 4045 4
957 3987 1097 4067 (pro
1128 3988 1395 4066 menas).
1438 3991 1582 4059 146,
1615 3988 1674 4046 2.

448 4088 897 4150 Armorica:
946 4111 1135 4152 nense
1168 4090 1412 4169 (tunc),
1460 4111 1622 4170 quen
1656 4088 1794 4170 (ita,
1846 4099 1998 4165 tam,
2047 4097 2196 4151 ante
2242 4091 2604 4172 adjectiva),

275 4191 409 4253 cal-5
442 4191 652 4273 (satis)
690 4191 761 4253 in
792 4192 962 4254 Buh.
999 4194 1360 4274 frequenter
1403 4192 1608 4255 obvia.
1674 4194 2174 4257 Commonefacit
2212 4217 2402 4257 nense
2443 4217 2611 4256 cam-

274 4295 433 4358 brici
461 4318 606 4372 neu,
636 4318 834 4370 neum
870 4319 1030 4379 quen
1062 4297 1358 4358 cambrici
1387 4297 1568 4381 leym,
1603 4298 1728 4360 nisi
1758 4298 2241 4381 praeferendum
2271 4297 2398 4378 adj.
2429 4319 2606 4373 caen,

272 4400 417 4462 cain
451 4402 739 4482 (bonus).
796 4402 982 4463 Addo
1012 4401 1136 4463 alia
1169 4402 1477 4481 quaedam
1508 4402 1883 4464 obscurioris
1915 4401 2208 4482 originis:
2247 4400 2613 4482 hiuiziquen

271 4504 463 4586 (jam,
502 4505 765 4584 abhinc)
799 4506 970 4567 Buh.
1012 4510 1114 4579 28,
1155 4492 1257 4566 22.
1303 4511 1442 4580 122,
1487 4514 1541 4568 1.
1580 4514 1722 4582 188,
1761 4515 1858 4567 11.
1898 4505 2250 4585 bizuz‘quen‚
2288 4503 2611 4584 bizviquen
