3150 5242
660 412 780 475 IV.
822 415 881 473 2.
942 400 1502 476 P'RAEPosrrloNEs
1533 429 2006 474 BmTAnchE.
2374 408 2498 472 633

179 602 236 664 p.
265 583 443 662 626):
481 581 870 665 kyqyrckaf
888 581 969 645 lle
997 604 1039 666 3]
1070 601 1148 644 ar
1176 602 1294 644 τιον
1322 604 1398 643 ac
1423 604 1465 666 3]
1496 600 1574 643 ar
1604 579 1711 643 dir
1740 581 1942 660 (locus
1973 578 2210 661 optime
2240 576 2499 640 accessi-

179 685 308 748 bilis
338 707 371 748 e
399 687 564 748 mari
596 698 666 749 et
696 709 729 749 e
762 691 952 768 terra)
983 689 1158 749 Mab.
1193 693 1252 761 2,
1287 693 1345 748 5.
1379 709 1420 769 3]
1453 707 1532 748 ar
1557 708 1600 770 3]
1633 686 1790 748 herm
1820 684 1903 768 ef
1908 707 1950 769 3]
1961 683 2183 766 piqwn
2204 704 2360 768 3]ε3]ν
2383 682 2499 763 bop

180 789 354 879 acher
383 793 492 872 (ab
537 792 705 874 ejus,
749 791 948 875 rupis,
996 792 1201 874 capite
1245 791 1384 853 serii
1431 791 1643 853 stellas
1690 810 2069 871 quacunque
2112 790 2396 870 vespera)
2431 792 2492 862 2,

185 899 313 956 233.
363 904 527 959 troes
568 917 657 979 yr
700 896 907 980 helym
947 919 991 980 3]
1035 917 1113 958 ar
1140 918 1182 980 3]
1214 895 1427 981 wyneb
1461 893 1723 975 (decidit
1751 895 1933 976 galea
1962 895 2039 956 de
2069 893 2254 975 facie)
2294 900 2349 968 1,
2390 897 2492 954 25.

182 998 406 1084 kyffroi
430 1024 472 1085 3]
505 1022 588 1064 ar
618 1023 665 1084 y
696 1003 927 1069 medwl
952 1001 1385 1084 (expergefieri
1413 1022 1448 1063 e
1477 998 2011 1080 meditationeyl,
2050 1005 2197 1060 259.

333 1105 738 1187 Praepositio
768 1128 915 1168 cum
938 1106 1418 1189 pronominibus
1451 1105 1698 1167 suffixis
1720 1104 1790 1167 in
1815 1105 2015 1166 forma
2038 1104 2250 1166 ARN.
2311 1101 2492 1184 Sing.

189 1215 236 1269 1.
260 1231 451 1291 persa
489 1232 630 1293 yna
658 1233 701 1294 3]
725 1211 1031 1294 meneqeis
1054 1211 1181 1294 iyr
1197 1232 1498 1296 qwrpwy
1523 1212 1763 1273 oedwn.
1793 1232 1871 1273 ar
1893 1210 2114 1272 kerdet
2133 1209 2252 1270 oed
2270 1208 2492 1293 arnas.

182 1315 498 1396 adywedut
537 1337 620 1398 vy
667 1324 799 1378 mot
836 1338 924 1399 yn
965 1315 1232 1378 keissaw
1274 1315 1509 1399 aorffei
1550 1316 1771 1398 arnas.
1830 1337 1953 1376 neu
1993 1312 2223 1376 vinnon
2266 1312 2503 1396 aorffei

185 1419 437 1500 arbawp.
476 1443 556 1481 ac
595 1441 733 1504 yna
777 1399 1012 1506 edrych.
1056 1442 1249 1483 aoruo
1288 1444 1330 1505 3]
1371 1440 1511 1503 ywr
1555 1419 1773 1501 arnafi
1813 1440 2111 1503 ayowenu
2142 1420 2324 1497 (tunc
2364 1416 2500 1479 dixi

183 1542 282 1603 ego
322 1523 477 1599 vim,
516 1525 667 1607 quis
713 1547 935 1602 essem,
972 1537 1036 1588 et
1077 1525 1414 1588 consilium
1444 1525 1614 1606 quod
1646 1535 1810 1587 esset
1838 1524 1907 1585 in
1936 1545 2060 1598 me,
2094 1521 2276 1597 mihi,
2312 1532 2376 1583 et
2405 1521 2498 1583 di-

184 1648 323 1702 cere,
355 1650 457 1690 me
501 1651 644 1691 esse
687 1642 1096 1711 quaerentem
1136 1629 1248 1712 qui
1290 1640 1456 1691 esset
1498 1651 1688 1712 super
1728 1652 1853 1705 me,
1887 1649 1989 1690 me
2021 1636 2363 1710 superaret,
2398 1625 2500 1687 vel

184 1750 283 1812 ego
335 1754 537 1795 essem
594 1756 790 1816 super
843 1756 1192 1817 quemque3
1244 1743 1398 1795 tunc
1441 1734 1538 1795 vir
1579 1734 1856 1817 aspicere
1899 1754 2000 1795 me
2043 1742 2106 1794 et
2149 1731 2497 1812 subridere)

184 1836 339 1898 Mab.
381 1846 435 1913 1,
476 1845 538 1900 5.
597 1844 660 1900 2.
698 1861 863 1922 pers.
890 1862 904 1900 ε
952 1862 993 1902 a
1026 1860 1106 1900 vu
1136 1839 1468 1923 efyennyt
1497 1838 1550 1901 ti
1578 1862 1618 1901 a
1643 1837 2019 1922 qwneuthur
2048 1838 2283 1898 amuod
2309 1843 2503 1898 armat

185 1942 348 2018 (num
373 1942 496 2005 fuit
526 1944 707 2027 apud
737 1954 800 2005 te
831 1945 911 2005 ad
940 1943 1299 2005 faciendum
1331 1953 1550 2005 contra
1579 1942 1972 2004 voluntatem
2001 1941 2069 2002 in
2096 1940 2225 2022 ὑεῖ)
2259 1949 2314 2017 1,
2347 1947 2492 2002 240.

174 2064 256 2123 pa
294 2046 662 2127 diaspedein
704 2050 906 2132 yssyd
943 2057 1136 2110 arnat
1178 2050 1366 2128 (quae
1409 2046 1770 2109 vociferatio
1816 2056 1912 2107 est
1957 2045 2026 2106 in
2072 2057 2130 2107 te
2148 2045 2199 2125 ἲ)
2240 2054 2307 2123 1,
2347 2052 2492 2107 248.

187 2157 283 2230 nyt
321 2161 505 2214 arnat
550 2152 604 2216 ti
644 2176 689 2236 y
743 2152 871 2236 byd
892 2176 933 2236 3]
966 2153 1190 2236 keryd.
1227 2174 1462 2235 namyn
1490 2150 1717 2234 'arnqfi
1745 2154 1903 2228 (non
1934 2149 2002 2211 in
2035 2160 2096 2212 te
2127 2152 2246 2212 erit
2276 2151 2499 2213 libera-

187 2251 345 2329 litas,
390 2258 499 2318 sed
541 2257 613 2319 in
658 2279 784 2332 me,
838 2257 966 2319 acsi
1007 2267 1171 2319 esset
1210 2257 1371 2319 mihi
1415 2258 1609 2338 facta)
1649 2264 1721 2332 1,
1761 2261 1906 2316 246.
1962 2262 2020 2316 3.
2057 2276 2220 2336 perS.
2256 2276 2491 2317 masc.:

174 2358 298 2436 'pan
326 2360 650 2445 edrycheis
683 2382 762 2424 ar
788 2384 829 2444 3]
842 2383 1054 2443 prema
1078 2369 1193 2445 nyt
1216 2363 1334 2424 oed
1353 2385 1438 2425 un
1464 2362 1651 2424 dalen
1676 2381 1896 2422 arnaw
1924 2361 2097 2438 (cum
2123 2359 2499 2442 inspicerem

190 2462 465 2540 arborem,
500 2489 634 2528 non
684 2477 817 2528 erat
859 2488 1062 2528 unum
1103 2465 1330 2527 folium
1374 2466 1444 2529 in
1488 2469 1589 2547 ea)
1628 2473 1685 2542 1,
1718 2471 1778 2526 9.
1831 2465 2048 2526 Fem.:
2098 2472 2213 2546 nyt
2255 2465 2372 2525 oed
2411 2486 2499 2526 un

191 2569 434 2650 ystyllen
477 2572 591 2635 heb
641 2573 803 2635 delw
846 2571 1046 2637 eureit
1088 2571 1273 2634 armi
1301 2574 1458 2652 (non
1491 2582 1626 2636 erat
1654 2591 1856 2632 unum
1889 2567 2168 2651 spatium
2198 2568 2334 2630 sine
2364 2568 2499 2630 effi-

191 2669 277 2749 gie
304 2687 515 2739 aurata
543 2677 615 2740 in
650 2682 752 2759 eo)
786 2685 842 2752 1,
880 2684 977 2739 15.
1013 2701 1054 2761 3]
1082 2676 1308 2760 qwelei
1335 2677 1416 2760 ef
1430 2698 1511 2761 yr
1540 2677 1693 2738 οἷον.
1729 2675 1942 2737 allenn
1974 2696 2008 2734 ο
2039 2673 2243 2735 vlicmt
2264 2695 2498 2755 qunn

192 2777 353 2838 arnei
378 2780 562 2859 (vidit
606 2782 916 2844 feretrum
960 2791 1023 2843 et
1068 2787 1322 2863 tegmen
1349 2781 1469 2843 lini
1498 2780 1627 2841 albi
1656 2779 1724 2841 in
1755 2782 1855 2855 eo)
1897 2786 1952 2854 1,
1994 2785 2094 2840 16.
2159 2780 2278 2841 Est
2307 2777 2500 2840 etiam

190 2877 430 2946 formula
470 2884 783 2947 feminina
825 2886 1120 2948 desinens
1165 2886 1235 2947 in
1277 2886 1323 2961 i,
1358 2885 1748 2947 inficientem
1778 2885 2059 2947 vocalem
2088 2882 2500 2965 praepositio-

193 2981 308 3045 nis:
344 2987 495 3050 llech
524 2990 802 3073 ynymyl
824 3011 866 3073 3]
880 2989 1252 3078 ffynnawn.
1290 3011 1368 3051 ar
1399 2989 1577 3052 kawc
1606 2989 1750 3051 erm'
1769 2989 1960 3071 (lapis
1991 2999 2139 3050 ante
2170 2988 2501 3049 fontanam

194 3097 246 3147 et
279 3087 422 3152 lanx
464 3115 661 3177 super
702 3098 876 3174 eum)
915 3095 981 3169 1,
1015 3101 1111 3156 13.
1165 3094 1245 3178 ef
1276 3093 1498 3155 awelei
1520 3115 1679 3176 φαεν
1709 3115 1910 3155 uawr.
1947 3092 2214 3177 athyreu
2244 3091 2502 3153 kadarn

194 3194 349 3275 amyl
365 3197 502 3258 erni
515 3198 803 3279 (videbat
825 3208 1101 3261 castrum
1125 3219 1433 3280 magnum
1456 3207 1520 3259 et
1544 3207 1747 3259 turres
1769 3199 1981 3259 firmas
2002 3196 2285 3278 copiosas
2309 3196 2378 3256 in
2398 3197 2499 3276 eo)

200 3297 249 3367 1,
281 3300 412 3360 250.
462 3302 584 3386 llys
631 3302 852 3366 iarlles
880 3325 922 3386 3]
954 3303 1245 3384 kampeu.
1268 3323 1366 3386 py
1394 3321 1668 3384 yampeu
1695 3302 1897 3385 yssyd
1923 3300 2066 3363 erni
2090 3300 2166 3364 hi
2194 3300 2370 3380 (aula
2399 3321 2500 3362 co·

195 3397 442 3465 mitissae
482 3428 699 3469 rerum
727 3406 970 3469 fortiter
1005 3417 1365 3489 gestarum3
1403 3426 1564 3486 quae
1595 3416 1748 3467 sunt
1776 3426 1874 3466 res
1904 3404 2150 3466 fortiter
2176 3404 2411 3487 gestae}
2420 3406 2498 3466 de

199 3500 318 3583 eaC‘)
350 3512 404 3581 1,
434 3514 577 3572 271.
635 3512 815 3574 Plur.
860 3519 916 3575 1.
950 3532 1158 3593 pers.:
1208 3532 1357 3571 corn
1384 3532 1426 3593 3]
1460 3509 1711 3571 wallaw
1744 3531 1972 3571 arnam
2003 3512 2230 3590 (cornu
2263 3507 2499 3569 exhau-

196 3602 455 3673 riendum
483 3615 695 3695 nobis)
732 3622 791 3691 2,
832 3621 976 3676 223.
1033 3620 1092 3675 2.
1127 3635 1294 3697 pers.
1322 3635 1335 3674 ε
1375 3636 1441 3675 os
1466 3614 1658 3696 qofut
1687 3635 1728 3675 a
1759 3616 1901 3676 daw
1933 3611 2234 3676 arnawck
2267 3633 2332 3674 08
2357 3611 2499 3694 φαῖ-

199 3705 297 3788 lafl
337 3713 416 3776 les
444 3718 534 3779 mi
561 3741 638 3782 ae
661 3721 901 3802 ywnaf
918 3719 1001 3799 (si
1031 3728 1127 3780 est
1156 3717 1496 3780 necessitas
1529 3740 1720 3800 super
1748 3740 1882 3794 VOS,
1917 3718 2116 3792 vobiS‚
2154 3717 2207 3779 si
2237 3739 2501 3799 possum

195 3816 486 3896 prodesse,
533 3823 788 3903 faciam)
828 3830 894 3897 1,
936 3828 1080 3884 256.
1136 3829 1194 3883 3.
1239 3843 1443 3903 pers.:
1505 3824 1678 3884 drwc
1723 3823 1958 3907 ydaetle.
1999 3831 2254 3910 arnum·
2282 3821 2499 3906 hynny

200 3915 362 3991 (male
410 3927 582 3990 venit
635 3926 726 3989 eis
772 3927 919 4007 hoc)
973 3935 1043 4002 1,
1088 3932 1186 3987 15.
1244 3948 1330 4008 ny
1374 3925 1656 4010 lyuassei
1696 3927 1834 3990 neb.
1879 3974 1893 3988 .
1936 3975 1950 3988 .
2005 3926 2376 4011 kynnuZlaw
2419 3948 2508 3988 na

196 4019 402 4088 meireh
441 4050 559 4091 nac
605 4051 824 4092 arueu.
863 4053 977 4093 rac
1017 4029 1173 4092 dodi
1207 4053 1248 4115 3]
1288 4038 1434 4113 vryt
1479 4052 1550 4092 or
1579 4031 1723 4092 mab
1754 4039 2003 4102 armant
2033 4034 2192 4109 (non
2222 4029 2510 4112 permisit

199 4119 390 4187 alicui.
429 4176 442 4190 .
483 4177 497 4192 .
546 4133 788 4208 adferre
829 4156 946 4196 nec
991 4156 1185 4216 equos
1229 4155 1347 4195 nec
1389 4156 1597 4210 arma,
1645 4156 1727 4195 ne
1770 4146 2120 4197 verteretur
2165 4135 2417 4196 animus
2466 4157 2505 4195 a

194 4241 363 4301 puero
391 4234 468 4294 ad
497 4240 596 4316 ea)
636 4243 692 4311 1,
734 4241 877 4299 236.
944 4239 1062 4300 Est
1091 4238 1282 4300 etiam
1314 4238 1512 4299 forma
1542 4237 1745 4319 magis
1778 4248 1965 4300 aucta
1981 4238 2313 4301 *ARNAD
2340 4259 2353 4296 z
2395 4236 2509 4298 llo·
2613 4227 2620 4234 ³

194 4327 308 4390 neit
328 4337 543 4415 ydwrn
577 4361 611 4400 o
641 4341 861 4403 verens
886 4364 927 4404 a
951 4341 1311 4425 yolwython
1344 4344 1675 4406 arnadum‘
1697 4345 1953 4422 (manus
1982 4341 2176 4424 plena
2200 4340 2503 4414 verubu8‚

198 4437 254 4490 et
275 4432 465 4503 fiusta
493 4462 684 4524 super
704 4444 850 4526 illa)
888 4453 946 4521 1,
980 4450 1039 4507 2.
1097 4446 1336 4529 byrdeu
1367 4448 1486 4509 oed
1505 4447 1730 4529 qwedy
1762 4468 1839 4510 eu
1869 4441 2238 4528 dyrckauel.
2277 4464 2318 4503 a
2349 4440 2514 4524 bwyt
