<?xml version="1.0" encoding="UTF-8"?>
<!DOCTYPE html PUBLIC "-//W3C//DTD XHTML 1.0 Transitional//EN"
    "http://www.w3.org/TR/xhtml1/DTD/xhtml1-transitional.dtd">
<html xmlns="http://www.w3.org/1999/xhtml" xml:lang="en" lang="en">
 <head>
  <title>
</title>
<meta http-equiv="Content-Type" content="text/html;charset=utf-8" />
  <meta name='ocr-system' content='tesseract 3.04.00' />
  <meta name='ocr-capabilities' content='ocr_page ocr_carea ocr_par ocr_line ocrx_word'/>
</head>
<body>
  <div class='ocr_page' id='page_1' title='image "./grammaticacelti04zeusgoog_0205.png"; bbox 0 0 3150 5242; ppageno 0'>
   <div class='ocr_carea' id='block_1_1' title="bbox 412 372 2514 452">
    <p class='ocr_par' dir='ltr' id='par_1_1' title="bbox 412 372 2514 452">
     <span class='ocr_line' id='line_1_1' title="bbox 412 372 2514 452; baseline -0.009 0"><span class='ocrx_word' id='word_1_1' title='bbox 412 391 489 452; x_wconf 91' lang='lat' dir='ltr'><strong>V.</strong></span> <span class='ocrx_word' id='word_1_2' title='bbox 529 396 581 449; x_wconf 87' lang='lat'><strong>1.</strong></span> <span class='ocrx_word' id='word_1_3' title='bbox 643 403 1007 451; x_wconf 70' lang='lat' dir='ltr'><strong>nnva&#39;i-ro</strong></span> <span class='ocrx_word' id='word_1_4' title='bbox 1036 402 1315 447; x_wconf 78' lang='lat' dir='ltr'><strong>GALLICA</strong></span> <span class='ocrx_word' id='word_1_5' title='bbox 1344 401 1428 444; x_wconf 80' lang='lat' dir='ltr'><strong>Er</strong></span> <span class='ocrx_word' id='word_1_6' title='bbox 1458 398 1832 444; x_wconf 65' lang='lat' dir='ltr'><strong>nummum</strong></span> <span class='ocrx_word' id='word_1_7' title='bbox 1861 395 2253 440; x_wconf 68' lang='lat' dir='ltr'><strong>mmmmm.</strong></span> <span class='ocrx_word' id='word_1_8' title='bbox 2393 372 2514 434; x_wconf 77' lang='lat'><strong>753</strong></span> 
     </span>
    </p>
   </div>
   <div class='ocr_carea' id='block_1_2' title="bbox 352 521 2495 639">
    <p class='ocr_par' dir='ltr' id='par_1_2' title="bbox 352 521 2495 639">
     <span class='ocr_line' id='line_1_2' title="bbox 352 521 2495 639; baseline -0.009 -18"><span class='ocrx_word' id='word_1_9' title='bbox 352 558 411 639; x_wconf 83' lang='lat' dir='ltr'><strong>b)</strong></span> <span class='ocrx_word' id='word_1_10' title='bbox 466 555 883 620; x_wconf 79' lang='lat' dir='ltr'><strong>Praemittens</strong></span> <span class='ocrx_word' id='word_1_11' title='bbox 924 553 1173 617; x_wconf 84' lang='lat' dir='ltr'><strong>vocales</strong></span> <span class='ocrx_word' id='word_1_12' title='bbox 1211 521 1551 635; x_wconf 84' lang='lat' dir='ltr'><strong>correptas.</strong></span> <span class='ocrx_word' id='word_1_13' title='bbox 1616 550 1772 612; x_wconf 87' lang='lat' dir='ltr'><strong>AD:</strong></span> <span class='ocrx_word' id='word_1_14' title='bbox 1827 546 2104 610; x_wconf 87' lang='lat' dir='ltr'><strong>Orcades</strong></span> <span class='ocrx_word' id='word_1_15' title='bbox 2153 541 2495 607; x_wconf 86' lang='lat' dir='ltr'><strong>Claudian.</strong></span> 
     </span>
    </p>
   </div>
   <div class='ocr_carea' id='block_1_3' title="bbox 174 642 2504 3687">
    <p class='ocr_par' dir='ltr' id='par_1_3' title="bbox 183 642 2504 2217">
     <span class='ocr_line' id='line_1_3' title="bbox 205 642 2500 743; baseline -0.007 -18"><span class='ocrx_word' id='word_1_16' title='bbox 205 664 292 726; x_wconf 95' lang='lat' dir='ltr'><strong>IV</strong></span> <span class='ocrx_word' id='word_1_17' title='bbox 316 663 539 724; x_wconf 81' lang='lat' dir='ltr'><strong>consol.</strong></span> <span class='ocrx_word' id='word_1_18' title='bbox 585 665 834 725; x_wconf 88' lang='lat' dir='ltr'><strong>Honor.</strong></span> <span class='ocrx_word' id='word_1_19' title='bbox 876 666 978 721; x_wconf 86' lang='lat'><strong>32.</strong></span> <span class='ocrx_word' id='word_1_20' title='bbox 1024 642 1349 743; x_wconf 72' lang='grc' dir='ltr'><strong><em>’Όρκαδες</em></strong></span> <span class='ocrx_word' id='word_1_21' title='bbox 1388 658 1666 740; x_wconf 77' lang='grc' dir='ltr'>(νῆσοι),</span> <span class='ocrx_word' id='word_1_22' title='bbox 1708 647 2050 718; x_wconf 80' lang='grc' dir='ltr'><strong><em>Ὠταδινοί</em></strong></span> <span class='ocrx_word' id='word_1_23' title='bbox 2090 654 2266 733; x_wconf 87' lang='lat' dir='ltr'><strong>(pop.</strong></span> <span class='ocrx_word' id='word_1_24' title='bbox 2302 648 2500 728; x_wconf 88' lang='lat' dir='ltr'><strong>Brit.)</strong></span> 
     </span>
     <span class='ocr_line' id='line_1_4' title="bbox 203 755 2497 848; baseline -0.007 -18"><span class='ocrx_word' id='word_1_25' title='bbox 203 769 352 830; x_wconf 91' lang='lat' dir='ltr'><strong>Ptol.</strong></span> <span class='ocrx_word' id='word_1_26' title='bbox 414 769 563 829; x_wconf 89' lang='lat' dir='ltr'><strong>ED:</strong></span> <span class='ocrx_word' id='word_1_27' title='bbox 614 769 831 829; x_wconf 89' lang='lat' dir='ltr'><strong>esseda</strong></span> <span class='ocrx_word' id='word_1_28' title='bbox 871 766 1100 848; x_wconf 90' lang='lat' dir='ltr'><strong>Virgil.</strong></span> <span class='ocrx_word' id='word_1_29' title='bbox 1140 767 1429 846; x_wconf 88' lang='lat' dir='ltr'><strong>Propert.</strong></span> <span class='ocrx_word' id='word_1_30' title='bbox 1467 766 1560 844; x_wconf 84' lang='lat' dir='ltr'><strong>(p.</strong></span> <span class='ocrx_word' id='word_1_31' title='bbox 1610 766 1743 841; x_wconf 92' lang='lat'><strong>11),</strong></span> <span class='ocrx_word' id='word_1_32' title='bbox 1794 762 2087 822; x_wconf 84' lang='lat' dir='ltr'><strong>essedum</strong></span> <span class='ocrx_word' id='word_1_33' title='bbox 2131 759 2315 819; x_wconf 80' lang='lat' dir='ltr'><strong>CaeS.</strong></span> <span class='ocrx_word' id='word_1_34' title='bbox 2374 755 2497 815; x_wconf 88' lang='lat' dir='ltr'><strong>Ta-</strong></span> 
     </span>
     <span class='ocr_line' id='line_1_5' title="bbox 200 864 2502 951; baseline -0.006 -16"><span class='ocrx_word' id='word_1_35' title='bbox 200 875 543 935; x_wconf 89' lang='lat' dir='ltr'><strong>ruessedum</strong></span> <span class='ocrx_word' id='word_1_36' title='bbox 586 873 788 951; x_wconf 85' lang='lat' dir='ltr'><strong>(locus</strong></span> <span class='ocrx_word' id='word_1_37' title='bbox 826 871 991 933; x_wconf 84' lang='lat' dir='ltr'><strong>circa</strong></span> <span class='ocrx_word' id='word_1_38' title='bbox 1030 871 1243 932; x_wconf 90' lang='lat' dir='ltr'><strong>lacum</strong></span> <span class='ocrx_word' id='word_1_39' title='bbox 1287 870 1693 948; x_wconf 83' lang='lat' dir='ltr'>Comensem)</span> <span class='ocrx_word' id='word_1_40' title='bbox 1727 868 1886 928; x_wconf 91' lang='lat' dir='ltr'><strong>Tab.</strong></span> <span class='ocrx_word' id='word_1_41' title='bbox 1925 868 2032 940; x_wconf 91' lang='lat' dir='ltr'><strong>P.,</strong></span> <span class='ocrx_word' id='word_1_42' title='bbox 2086 864 2502 926; x_wconf 86' lang='lat' dir='ltr'><strong>Manduesse-</strong></span> 
     </span>
     <span class='ocr_line' id='line_1_6' title="bbox 204 968 2504 1058; baseline -0.005 -18"><span class='ocrx_word' id='word_1_43' title='bbox 204 980 338 1040; x_wconf 90' lang='lat' dir='ltr'><strong>dum</strong></span> <span class='ocrx_word' id='word_1_44' title='bbox 361 979 556 1058; x_wconf 90' lang='lat' dir='ltr'><strong>(locus</strong></span> <span class='ocrx_word' id='word_1_45' title='bbox 579 979 775 1058; x_wconf 84' lang='lat' dir='ltr'>Brit.)</span> <span class='ocrx_word' id='word_1_46' title='bbox 799 977 956 1040; x_wconf 89' lang='lat' dir='ltr'><strong>Itin.</strong></span> <span class='ocrx_word' id='word_1_47' title='bbox 985 976 1143 1038; x_wconf 87' lang='lat' dir='ltr'><strong>Ant.</strong></span> <span class='ocrx_word' id='word_1_48' title='bbox 1169 975 1421 1038; x_wconf 85' lang='lat' dir='ltr'>Voreda</span> <span class='ocrx_word' id='word_1_49' title='bbox 1443 972 1592 1053; x_wconf 90' lang='lat' dir='ltr'><strong>(loc.</strong></span> <span class='ocrx_word' id='word_1_50' title='bbox 1617 971 1813 1053; x_wconf 86' lang='lat' dir='ltr'><strong>Brit.)</strong></span> <span class='ocrx_word' id='word_1_51' title='bbox 1840 972 1996 1035; x_wconf 89' lang='lat' dir='ltr'><strong>Itin.</strong></span> <span class='ocrx_word' id='word_1_52' title='bbox 2017 972 2175 1033; x_wconf 87' lang='lat' dir='ltr'><strong>Ant.</strong></span> <span class='ocrx_word' id='word_1_53' title='bbox 2198 968 2504 1030; x_wconf 86' lang='lat' dir='ltr'><strong>Tenedon</strong></span> 
     </span>
     <span class='ocr_line' id='line_1_7' title="bbox 202 1073 2495 1166; baseline -0.004 -21"><span class='ocrx_word' id='word_1_54' title='bbox 202 1083 366 1162; x_wconf 82' lang='lat' dir='ltr'><strong>(circa</strong></span> <span class='ocrx_word' id='word_1_55' title='bbox 388 1084 599 1146; x_wconf 89' lang='lat' dir='ltr'><strong>Rhen.</strong></span> <span class='ocrx_word' id='word_1_56' title='bbox 629 1083 968 1166; x_wconf 86' lang='lat' dir='ltr'><strong>superior.)</strong></span> <span class='ocrx_word' id='word_1_57' title='bbox 993 1082 1154 1143; x_wconf 88' lang='lat' dir='ltr'><strong>Tab.</strong></span> <span class='ocrx_word' id='word_1_58' title='bbox 1184 1081 1262 1141; x_wconf 93' lang='lat' dir='ltr'><strong>P.</strong></span> <span class='ocrx_word' id='word_1_59' title='bbox 1315 1079 1611 1141; x_wconf 86' lang='lat' dir='ltr'><strong>Secunda</strong></span> <span class='ocrx_word' id='word_1_60' title='bbox 1636 1076 2049 1140; x_wconf 86' lang='lat' dir='ltr'><strong>Sembedonis</strong></span> <span class='ocrx_word' id='word_1_61' title='bbox 2073 1076 2164 1137; x_wconf 91' lang='lat' dir='ltr'><strong>fil.</strong></span> <span class='ocrx_word' id='word_1_62' title='bbox 2194 1073 2495 1154; x_wconf 89' lang='lat' dir='ltr'><strong>Inscript.</strong></span> 
     </span>
     <span class='ocr_line' id='line_1_8' title="bbox 201 1181 2493 1265; baseline -0.003 -16"><span class='ocrx_word' id='word_1_63' title='bbox 201 1188 370 1250; x_wconf 87' lang='lat' dir='ltr'><strong>Orell.</strong></span> <span class='ocrx_word' id='word_1_64' title='bbox 408 1193 551 1250; x_wconf 89' lang='grc'><strong>204.</strong></span> <span class='ocrx_word' id='word_1_65' title='bbox 620 1190 754 1251; x_wconf 88' lang='lat' dir='ltr'><strong>ID:</strong></span> <span class='ocrx_word' id='word_1_66' title='bbox 806 1187 1088 1249; x_wconf 75' lang='lat' dir='ltr'><strong>Druidae</strong></span> <span class='ocrx_word' id='word_1_67' title='bbox 1127 1187 1374 1248; x_wconf 89' lang='lat' dir='ltr'><strong>Lucan.</strong></span> <span class='ocrx_word' id='word_1_68' title='bbox 1416 1189 1473 1258; x_wconf 89' lang='lat'><strong>1,</strong></span> <span class='ocrx_word' id='word_1_69' title='bbox 1512 1190 1660 1244; x_wconf 82' lang='grc'><strong>451.</strong></span> <span class='ocrx_word' id='word_1_70' title='bbox 1695 1183 1941 1245; x_wconf 85' lang='lat' dir='ltr'><strong>Auson.</strong></span> <span class='ocrx_word' id='word_1_71' title='bbox 1987 1181 2251 1265; x_wconf 56' lang='lat' dir='ltr'><strong>profess</strong></span> <span class='ocrx_word' id='word_1_72' title='bbox 2290 1186 2351 1241; x_wconf 89' lang='lat'><strong>4.</strong></span> <span class='ocrx_word' id='word_1_73' title='bbox 2394 1185 2493 1241; x_wconf 91' lang='grc'><strong>10.</strong></span> 
     </span>
     <span class='ocr_line' id='line_1_9' title="bbox 197 1284 2493 1375; baseline -0.004 -20"><span class='ocrx_word' id='word_1_74' title='bbox 197 1293 450 1356; x_wconf 86' lang='lat' dir='ltr'><strong>Ravidus</strong></span> <span class='ocrx_word' id='word_1_75' title='bbox 493 1294 601 1375; x_wconf 88' lang='lat' dir='ltr'><strong>(cf.</strong></span> <span class='ocrx_word' id='word_1_76' title='bbox 638 1295 978 1372; x_wconf 86' lang='lat' dir='ltr'><strong>Ravenna)</strong></span> <span class='ocrx_word' id='word_1_77' title='bbox 1011 1290 1251 1353; x_wconf 88' lang='lat' dir='ltr'><strong>Catull.</strong></span> <span class='ocrx_word' id='word_1_78' title='bbox 1290 1296 1395 1349; x_wconf 91' lang='grc'><strong>40.</strong></span> <span class='ocrx_word' id='word_1_79' title='bbox 1461 1288 1683 1352; x_wconf 87' lang='lat' dir='ltr'><strong>Sabidi</strong></span> <span class='ocrx_word' id='word_1_80' title='bbox 1723 1288 2081 1368; x_wconf 85' lang='lat' dir='ltr'><strong>(Sabidius,</strong></span> <span class='ocrx_word' id='word_1_81' title='bbox 2128 1308 2301 1348; x_wconf 89' lang='lat' dir='ltr'><strong>nom.</strong></span> <span class='ocrx_word' id='word_1_82' title='bbox 2337 1284 2458 1347; x_wconf 85' lang='lat' dir='ltr'><strong>viri</strong></span> <span class='ocrx_word' id='word_1_83' title='bbox 2474 1309 2493 1359; x_wconf 91' lang='lat'>;</span> 
     </span>
     <span class='ocr_line' id='line_1_10' title="bbox 196 1392 2493 1479; baseline -0.003 -20"><span class='ocrx_word' id='word_1_84' title='bbox 196 1398 260 1459; x_wconf 85' lang='lat' dir='ltr'><strong>cf.</strong></span> <span class='ocrx_word' id='word_1_85' title='bbox 303 1399 475 1461; x_wconf 86' lang='lat' dir='ltr'><strong>Sabis</strong></span> <span class='ocrx_word' id='word_1_86' title='bbox 516 1400 586 1461; x_wconf 90' lang='lat' dir='ltr'><strong>fi.</strong></span> <span class='ocrx_word' id='word_1_87' title='bbox 634 1408 699 1460; x_wconf 92' lang='lat' dir='ltr'><strong>et</strong></span> <span class='ocrx_word' id='word_1_88' title='bbox 739 1398 975 1460; x_wconf 90' lang='lat' dir='ltr'><strong>cambr.</strong></span> <span class='ocrx_word' id='word_1_89' title='bbox 1024 1396 1229 1479; x_wconf 67' lang='lat' dir='ltr'><strong>sqsyll</strong></span> <span class='ocrx_word' id='word_1_90' title='bbox 1264 1424 1353 1447; x_wconf 87' lang='lat'><strong>==</strong></span> <span class='ocrx_word' id='word_1_91' title='bbox 1392 1394 1650 1468; x_wconf 73' lang='lat' dir='ltr'><strong>sab-ill,</strong></span> <span class='ocrx_word' id='word_1_92' title='bbox 1702 1395 1894 1473; x_wconf 89' lang='lat' dir='ltr'><strong>stare)</strong></span> <span class='ocrx_word' id='word_1_93' title='bbox 1942 1392 2225 1454; x_wconf 87' lang='lat' dir='ltr'><strong>Martial.</strong></span> <span class='ocrx_word' id='word_1_94' title='bbox 2268 1399 2339 1466; x_wconf 90' lang='lat'><strong>1,</strong></span> <span class='ocrx_word' id='word_1_95' title='bbox 2390 1397 2493 1453; x_wconf 85' lang='lat'><strong>33.</strong></span> 
     </span>
     <span class='ocr_line' id='line_1_11' title="bbox 194 1490 2499 1596; baseline -0.004 -30"><span class='ocrx_word' id='word_1_96' title='bbox 194 1505 433 1587; x_wconf 88' lang='lat' dir='ltr'><strong>Epidius</strong></span> <span class='ocrx_word' id='word_1_97' title='bbox 468 1505 740 1568; x_wconf 91' lang='lat' dir='ltr'><strong>Sueton.</strong></span> <span class='ocrx_word' id='word_1_98' title='bbox 773 1523 1042 1584; x_wconf 87' lang='lat' dir='ltr'><strong>gramm.</strong></span> <span class='ocrx_word' id='word_1_99' title='bbox 1080 1509 1141 1562; x_wconf 88' lang='lat'><strong>5.</strong></span> <span class='ocrx_word' id='word_1_100' title='bbox 1200 1493 1500 1563; x_wconf 78' lang='grc' dir='ltr'><em>Ἐπίδιον</em></span> <span class='ocrx_word' id='word_1_101' title='bbox 1533 1490 1781 1582; x_wconf 65' lang='grc' dir='ltr'>(ἄκρον,</span> <span class='ocrx_word' id='word_1_102' title='bbox 1816 1497 2014 1578; x_wconf 88' lang='lat' dir='ltr'><strong>Brit.)</strong></span> <span class='ocrx_word' id='word_1_103' title='bbox 2047 1497 2216 1559; x_wconf 91' lang='lat' dir='ltr'><strong>Ptol.</strong></span> <span class='ocrx_word' id='word_1_104' title='bbox 2259 1494 2499 1596; x_wconf 80' lang='lat' dir='ltr'><strong>=Trevi-</strong></span> 
     </span>
     <span class='ocr_line' id='line_1_12' title="bbox 192 1600 2498 1686; baseline -0.005 -15"><span class='ocrx_word' id='word_1_105' title='bbox 192 1611 299 1672; x_wconf 91' lang='lat' dir='ltr'><strong>don</strong></span> <span class='ocrx_word' id='word_1_106' title='bbox 340 1611 560 1674; x_wconf 90' lang='lat' dir='ltr'><strong>Sidon.</strong></span> <span class='ocrx_word' id='word_1_107' title='bbox 610 1631 803 1671; x_wconf 90' lang='lat' dir='ltr'><strong>carm.</strong></span> <span class='ocrx_word' id='word_1_108' title='bbox 857 1612 961 1668; x_wconf 84' lang='lat'><strong>24.</strong></span> <span class='ocrx_word' id='word_1_109' title='bbox 1040 1608 1201 1670; x_wconf 85' lang='lat' dir='ltr'><strong>OD:</strong></span> <span class='ocrx_word' id='word_1_110' title='bbox 1253 1605 1566 1669; x_wconf 82' lang='lat' dir='ltr'><strong>Losodica</strong></span> <span class='ocrx_word' id='word_1_111' title='bbox 1610 1604 1804 1686; x_wconf 88' lang='lat' dir='ltr'><strong>(circa</strong></span> <span class='ocrx_word' id='word_1_112' title='bbox 1846 1603 2108 1664; x_wconf 91' lang='lat' dir='ltr'><strong>Danub.</strong></span> <span class='ocrx_word' id='word_1_113' title='bbox 2157 1600 2498 1684; x_wconf 85' lang='lat' dir='ltr'><strong>superior.)</strong></span> 
     </span>
     <span class='ocr_line' id='line_1_13' title="bbox 190 1706 2499 1784; baseline -0.004 -8"><span class='ocrx_word' id='word_1_114' title='bbox 190 1716 327 1777; x_wconf 88' lang='lat' dir='ltr'><strong>Tab.</strong></span> <span class='ocrx_word' id='word_1_115' title='bbox 360 1718 437 1778; x_wconf 92' lang='lat' dir='ltr'><strong>P.</strong></span> <span class='ocrx_word' id='word_1_116' title='bbox 473 1714 896 1779; x_wconf 89' lang='lat' dir='ltr'><strong>Losodienses</strong></span> <span class='ocrx_word' id='word_1_117' title='bbox 925 1713 1071 1773; x_wconf 87' lang='lat' dir='ltr'><strong>Act.</strong></span> <span class='ocrx_word' id='word_1_118' title='bbox 1109 1711 1228 1774; x_wconf 87' lang='lat' dir='ltr'><strong>SS.</strong></span> <span class='ocrx_word' id='word_1_119' title='bbox 1268 1710 1517 1773; x_wconf 91' lang='lat' dir='ltr'><strong>Mabill.</strong></span> <span class='ocrx_word' id='word_1_120' title='bbox 1554 1732 1717 1772; x_wconf 91' lang='lat' dir='ltr'><strong>saec.</strong></span> <span class='ocrx_word' id='word_1_121' title='bbox 1751 1717 1810 1770; x_wconf 87' lang='grc'><strong>3.</strong></span> <span class='ocrx_word' id='word_1_122' title='bbox 1846 1716 1903 1784; x_wconf 91' lang='grc'><strong>1,</strong></span> <span class='ocrx_word' id='word_1_123' title='bbox 1938 1714 2082 1770; x_wconf 89' lang='grc'><strong>686.</strong></span> <span class='ocrx_word' id='word_1_124' title='bbox 2117 1706 2187 1768; x_wconf 94' lang='lat' dir='ltr'><strong>in</strong></span> <span class='ocrx_word' id='word_1_125' title='bbox 2218 1707 2354 1767; x_wconf 91' lang='lat' dir='ltr'><strong>loco</strong></span> <span class='ocrx_word' id='word_1_126' title='bbox 2387 1706 2499 1767; x_wconf 90' lang='lat' dir='ltr'><strong>Sa-</strong></span> 
     </span>
     <span class='ocr_line' id='line_1_14' title="bbox 187 1811 2499 1904; baseline -0.004 -23"><span class='ocrx_word' id='word_1_127' title='bbox 187 1822 338 1897; x_wconf 90' lang='lat' dir='ltr'><strong>rod0,</strong></span> <span class='ocrx_word' id='word_1_128' title='bbox 385 1821 542 1904; x_wconf 89' lang='lat' dir='ltr'><strong>dipl.</strong></span> <span class='ocrx_word' id='word_1_129' title='bbox 596 1841 655 1881; x_wconf 90' lang='lat' dir='ltr'><strong>a.</strong></span> <span class='ocrx_word' id='word_1_130' title='bbox 698 1823 854 1892; x_wconf 88' lang='lat'><strong>766,</strong></span> <span class='ocrx_word' id='word_1_131' title='bbox 909 1816 1160 1878; x_wconf 91' lang='lat' dir='ltr'><strong>Mabill.</strong></span> <span class='ocrx_word' id='word_1_132' title='bbox 1208 1839 1275 1899; x_wconf 94' lang='lat' dir='ltr'><strong>p.</strong></span> <span class='ocrx_word' id='word_1_133' title='bbox 1312 1824 1460 1877; x_wconf 86' lang='grc'><strong>495.</strong></span> <span class='ocrx_word' id='word_1_134' title='bbox 1526 1815 1690 1878; x_wconf 88' lang='lat' dir='ltr'><strong>UD:</strong></span> <span class='ocrx_word' id='word_1_135' title='bbox 1740 1814 2034 1876; x_wconf 82' lang='lat' dir='ltr'><strong>Abudius</strong></span> <span class='ocrx_word' id='word_1_136' title='bbox 2080 1816 2289 1894; x_wconf 91' lang='lat' dir='ltr'><strong>(nom.</strong></span> <span class='ocrx_word' id='word_1_137' title='bbox 2339 1811 2499 1893; x_wconf 83' lang='lat' dir='ltr'><strong>viri)</strong></span> 
     </span>
     <span class='ocr_line' id='line_1_15' title="bbox 187 1919 2499 2002; baseline -0.003 -16"><span class='ocrx_word' id='word_1_138' title='bbox 187 1926 318 1988; x_wconf 85' lang='lat' dir='ltr'><strong>Tae.</strong></span> <span class='ocrx_word' id='word_1_139' title='bbox 365 1927 539 1988; x_wconf 89' lang='lat' dir='ltr'><strong>Ann.</strong></span> <span class='ocrx_word' id='word_1_140' title='bbox 584 1931 658 1999; x_wconf 90' lang='grc'><strong>6,</strong></span> <span class='ocrx_word' id='word_1_141' title='bbox 699 1930 801 1984; x_wconf 88' lang='lat'><strong>30.</strong></span> <span class='ocrx_word' id='word_1_142' title='bbox 866 1921 1270 1984; x_wconf 89' lang='lat' dir='ltr'><strong>Abudiacum</strong></span> <span class='ocrx_word' id='word_1_143' title='bbox 1312 1923 1541 2002; x_wconf 87' lang='lat' dir='ltr'><strong>(Raet.</strong></span> <span class='ocrx_word' id='word_1_144' title='bbox 1590 1920 1754 2001; x_wconf 90' lang='lat' dir='ltr'><strong>loc.)</strong></span> <span class='ocrx_word' id='word_1_145' title='bbox 1801 1921 1961 1981; x_wconf 90' lang='lat' dir='ltr'><strong>Tab.</strong></span> <span class='ocrx_word' id='word_1_146' title='bbox 1999 1921 2078 1981; x_wconf 94' lang='lat' dir='ltr'><strong>P.</strong></span> <span class='ocrx_word' id='word_1_147' title='bbox 2143 1919 2499 1980; x_wconf 88' lang='lat' dir='ltr'><strong>Haebudae</strong></span> 
     </span>
     <span class='ocr_line' id='line_1_16' title="bbox 187 2019 2500 2113; baseline -0.004 -21"><span class='ocrx_word' id='word_1_148' title='bbox 187 2030 462 2113; x_wconf 88' lang='lat' dir='ltr'><strong>(insulae)</strong></span> <span class='ocrx_word' id='word_1_149' title='bbox 496 2029 676 2093; x_wconf 91' lang='lat' dir='ltr'><strong>Plin.</strong></span> <span class='ocrx_word' id='word_1_150' title='bbox 705 2019 1001 2108; x_wconf 72' lang='grc' dir='ltr'><strong><em>’Έβουδα</em></strong></span> <span class='ocrx_word' id='word_1_151' title='bbox 1034 2027 1224 2107; x_wconf 90' lang='lat' dir='ltr'><strong>(duae</strong></span> <span class='ocrx_word' id='word_1_152' title='bbox 1267 2025 1515 2089; x_wconf 84' lang='lat' dir='ltr'><strong>insulae</strong></span> <span class='ocrx_word' id='word_1_153' title='bbox 1556 2026 1693 2109; x_wconf 88' lang='lat' dir='ltr'><strong>ejus</strong></span> <span class='ocrx_word' id='word_1_154' title='bbox 1737 2024 2040 2101; x_wconf 83' lang='lat' dir='ltr'><strong>nominiS,</strong></span> <span class='ocrx_word' id='word_1_155' title='bbox 2090 2025 2261 2086; x_wconf 86' lang='lat' dir='ltr'><strong>unde</strong></span> <span class='ocrx_word' id='word_1_156' title='bbox 2307 2022 2500 2085; x_wconf 89' lang='lat' dir='ltr'><strong>etiam</strong></span> 
     </span>
     <span class='ocr_line' id='line_1_17' title="bbox 183 2122 1737 2217; baseline -0.002 -20"><span class='ocrx_word' id='word_1_157' title='bbox 183 2148 399 2199; x_wconf 85' lang='lat' dir='ltr'><strong>ceterae</strong></span> <span class='ocrx_word' id='word_1_158' title='bbox 429 2133 948 2216; x_wconf 86' lang='lat' dir='ltr'><strong>circumjacentes</strong></span> <span class='ocrx_word' id='word_1_159' title='bbox 962 2122 1287 2211; x_wconf 69' lang='grc' dir='ltr'><em>’Ἐβουδαι</em></span> <span class='ocrx_word' id='word_1_160' title='bbox 1315 2134 1531 2217; x_wconf 78' lang='grc' dir='ltr'>νῆσοι)</span> <span class='ocrx_word' id='word_1_161' title='bbox 1562 2133 1737 2194; x_wconf 92' lang='lat' dir='ltr'><strong>Ptol.</strong></span> 
     </span>
    </p>

    <p class='ocr_par' dir='ltr' id='par_1_4' title="bbox 174 2234 2500 3687">
     <span class='ocr_line' id='line_1_18' title="bbox 332 2234 2500 2324; baseline -0.003 -20"><span class='ocrx_word' id='word_1_162' title='bbox 332 2246 390 2324; x_wconf 87' lang='lat' dir='ltr'><strong>c)</strong></span> <span class='ocrx_word' id='word_1_163' title='bbox 432 2239 707 2306; x_wconf 89' lang='lat' dir='ltr'><strong>Vocales</strong></span> <span class='ocrx_word' id='word_1_164' title='bbox 747 2239 1085 2320; x_wconf 90' lang='lat' dir='ltr'><strong>productas</strong></span> <span class='ocrx_word' id='word_1_165' title='bbox 1129 2259 1214 2299; x_wconf 91' lang='lat' dir='ltr'><strong>an</strong></span> <span class='ocrx_word' id='word_1_166' title='bbox 1252 2234 1648 2318; x_wconf 89' lang='lat' dir='ltr'><strong>praemiserit</strong></span> <span class='ocrx_word' id='word_1_167' title='bbox 1678 2237 1727 2298; x_wconf 86' lang='lat' dir='ltr'><strong>d</strong></span> <span class='ocrx_word' id='word_1_168' title='bbox 1750 2236 2065 2312; x_wconf 87' lang='lat' dir='ltr'><strong>derivans,</strong></span> <span class='ocrx_word' id='word_1_169' title='bbox 2103 2236 2392 2298; x_wconf 88' lang='lat' dir='ltr'><strong>dubitare</strong></span> <span class='ocrx_word' id='word_1_170' title='bbox 2423 2236 2500 2298; x_wconf 89' lang='lat' dir='ltr'><strong>li-</strong></span> 
     </span>
     <span class='ocr_line' id='line_1_19' title="bbox 181 2339 2500 2429; baseline -0.002 -21"><span class='ocrx_word' id='word_1_171' title='bbox 181 2356 286 2407; x_wconf 88' lang='lat' dir='ltr'><strong>cet.</strong></span> <span class='ocrx_word' id='word_1_172' title='bbox 336 2347 453 2408; x_wconf 91' lang='lat' dir='ltr'><strong>Est</strong></span> <span class='ocrx_word' id='word_1_173' title='bbox 483 2344 747 2429; x_wconf 89' lang='lat' dir='ltr'><strong>quidem</strong></span> <span class='ocrx_word' id='word_1_174' title='bbox 778 2366 810 2404; x_wconf 83' lang='lat' dir='ltr'><strong>e</strong></span> <span class='ocrx_word' id='word_1_175' title='bbox 838 2342 1146 2426; x_wconf 87' lang='lat' dir='ltr'><strong>producta</strong></span> <span class='ocrx_word' id='word_1_176' title='bbox 1175 2343 1347 2422; x_wconf 90' lang='lat' dir='ltr'><strong>apud</strong></span> <span class='ocrx_word' id='word_1_177' title='bbox 1373 2346 1592 2423; x_wconf 72' lang='lat' dir='ltr'><strong>poetas</strong></span> <span class='ocrx_word' id='word_1_178' title='bbox 1621 2339 1693 2402; x_wconf 93' lang='lat' dir='ltr'><strong>in</strong></span> <span class='ocrx_word' id='word_1_179' title='bbox 1721 2342 1980 2403; x_wconf 90' lang='lat' dir='ltr'><strong>nomine</strong></span> <span class='ocrx_word' id='word_1_180' title='bbox 2005 2342 2358 2418; x_wconf 82' lang='lat' dir='ltr'><strong>Caledonii,</strong></span> <span class='ocrx_word' id='word_1_181' title='bbox 2388 2344 2500 2404; x_wconf 86' lang='lat' dir='ltr'><strong>sed</strong></span> 
     </span>
     <span class='ocr_line' id='line_1_20' title="bbox 182 2444 2495 2530; baseline 0 -20"><span class='ocrx_word' id='word_1_182' title='bbox 182 2450 355 2512; x_wconf 87' lang='lat' dir='ltr'><strong>etiam</strong></span> <span class='ocrx_word' id='word_1_183' title='bbox 382 2450 451 2512; x_wconf 89' lang='lat' dir='ltr'><strong>in</strong></span> <span class='ocrx_word' id='word_1_184' title='bbox 474 2447 852 2523; x_wconf 89' lang='lat' dir='ltr'><strong>Aremorici,</strong></span> <span class='ocrx_word' id='word_1_185' title='bbox 881 2447 951 2508; x_wconf 92' lang='lat' dir='ltr'><strong>in</strong></span> <span class='ocrx_word' id='word_1_186' title='bbox 981 2468 1107 2528; x_wconf 92' lang='lat' dir='ltr'><strong>quo</strong></span> <span class='ocrx_word' id='word_1_187' title='bbox 1138 2468 1171 2507; x_wconf 80' lang='lat' dir='ltr'><strong>e</strong></span> <span class='ocrx_word' id='word_1_188' title='bbox 1196 2446 1297 2507; x_wconf 87' lang='lat' dir='ltr'><strong>vel</strong></span> <span class='ocrx_word' id='word_1_189' title='bbox 1320 2444 1627 2508; x_wconf 84' lang='lat' dir='ltr'><strong>inonnisi</strong></span> <span class='ocrx_word' id='word_1_190' title='bbox 1650 2458 1935 2528; x_wconf 86' lang='lat' dir='ltr'><strong>correpta</strong></span> <span class='ocrx_word' id='word_1_191' title='bbox 1958 2447 2239 2509; x_wconf 89' lang='lat' dir='ltr'><strong>obtinere</strong></span> <span class='ocrx_word' id='word_1_192' title='bbox 2262 2459 2495 2530; x_wconf 87' lang='lat' dir='ltr'><strong>potest,</strong></span> 
     </span>
     <span class='ocr_line' id='line_1_21' title="bbox 180 2551 2500 2638; baseline -0 -22"><span class='ocrx_word' id='word_1_193' title='bbox 180 2557 332 2638; x_wconf 89' lang='lat' dir='ltr'><strong>apud</strong></span> <span class='ocrx_word' id='word_1_194' title='bbox 376 2557 656 2630; x_wconf 88' lang='lat' dir='ltr'><strong>eosdem,</strong></span> <span class='ocrx_word' id='word_1_195' title='bbox 694 2553 804 2635; x_wconf 91' lang='lat' dir='ltr'><strong>qui</strong></span> <span class='ocrx_word' id='word_1_196' title='bbox 846 2551 1301 2614; x_wconf 82' lang='lat' dir='ltr'><strong>inter.vocales</strong></span> <span class='ocrx_word' id='word_1_197' title='bbox 1344 2561 1661 2634; x_wconf 87' lang='lat' dir='ltr'><strong>correptas</strong></span> <span class='ocrx_word' id='word_1_198' title='bbox 1706 2552 1978 2614; x_wconf 91' lang='lat' dir='ltr'><strong>nimium</strong></span> <span class='ocrx_word' id='word_1_199' title='bbox 2020 2553 2256 2615; x_wconf 87' lang='lat' dir='ltr'><strong>multas</strong></span> <span class='ocrx_word' id='word_1_200' title='bbox 2300 2574 2500 2615; x_wconf 88' lang='lat' dir='ltr'><strong>unam</strong></span> 
     </span>
     <span class='ocr_line' id='line_1_22' title="bbox 177 2658 2500 2741; baseline -0 -19"><span class='ocrx_word' id='word_1_201' title='bbox 177 2664 605 2741; x_wconf 84' lang='lat' dir='ltr'><strong>produxerunt</strong></span> <span class='ocrx_word' id='word_1_202' title='bbox 635 2659 744 2740; x_wconf 88' lang='lat' dir='ltr'><strong>(cf.</strong></span> <span class='ocrx_word' id='word_1_203' title='bbox 781 2681 847 2741; x_wconf 94' lang='lat' dir='ltr'><strong>p.</strong></span> <span class='ocrx_word' id='word_1_204' title='bbox 885 2666 946 2733; x_wconf 87' lang='lat'><strong>4,</strong></span> <span class='ocrx_word' id='word_1_205' title='bbox 982 2661 1175 2738; x_wconf 86' lang='lat' dir='ltr'><strong>not.).</strong></span> <span class='ocrx_word' id='word_1_206' title='bbox 1241 2659 1379 2721; x_wconf 89' lang='lat' dir='ltr'><strong>Nec</strong></span> <span class='ocrx_word' id='word_1_207' title='bbox 1419 2658 1578 2719; x_wconf 88' lang='lat' dir='ltr'><strong>fides</strong></span> <span class='ocrx_word' id='word_1_208' title='bbox 1624 2680 1871 2740; x_wconf 90' lang='lat' dir='ltr'><strong>semper</strong></span> <span class='ocrx_word' id='word_1_209' title='bbox 1899 2659 2192 2720; x_wconf 89' lang='lat' dir='ltr'><strong>habenda</strong></span> <span class='ocrx_word' id='word_1_210' title='bbox 2221 2669 2318 2720; x_wconf 89' lang='lat' dir='ltr'><strong>est</strong></span> <span class='ocrx_word' id='word_1_211' title='bbox 2349 2662 2500 2721; x_wconf 90' lang='lat' dir='ltr'><strong>Pto-</strong></span> 
     </span>
     <span class='ocr_line' id='line_1_23' title="bbox 177 2759 2497 2849; baseline 0 -23"><span class='ocrx_word' id='word_1_212' title='bbox 177 2764 381 2828; x_wconf 85' lang='lat' dir='ltr'><strong>lemaei</strong></span> <span class='ocrx_word' id='word_1_213' title='bbox 411 2763 892 2848; x_wconf 82' lang='lat' dir='ltr'><strong>scriptionibuS,</strong></span> <span class='ocrx_word' id='word_1_214' title='bbox 922 2763 1026 2825; x_wconf 91' lang='lat' dir='ltr'><strong>cui</strong></span> <span class='ocrx_word' id='word_1_215' title='bbox 1056 2763 1211 2825; x_wconf 89' lang='lat' dir='ltr'><strong>item</strong></span> <span class='ocrx_word' id='word_1_216' title='bbox 1242 2762 1498 2845; x_wconf 89' lang='lat' dir='ltr'><strong>quidem</strong></span> <span class='ocrx_word' id='word_1_217' title='bbox 1529 2777 1627 2825; x_wconf 90' lang='lat' dir='ltr'><strong>est</strong></span> <span class='ocrx_word' id='word_1_218' title='bbox 1648 2759 2069 2849; x_wconf 80' lang='grc' dir='ltr'><strong><em>Καληδόνιος</em></strong></span> <span class='ocrx_word' id='word_1_219' title='bbox 2093 2760 2356 2848; x_wconf 82' lang='grc' dir='ltr'>δρυμός,</span> <span class='ocrx_word' id='word_1_220' title='bbox 2386 2767 2497 2827; x_wconf 88' lang='lat' dir='ltr'><strong>sed</strong></span> 
     </span>
     <span class='ocr_line' id='line_1_24' title="bbox 178 2864 2493 2957; baseline 0.001 -27"><span class='ocrx_word' id='word_1_221' title='bbox 178 2870 349 2933; x_wconf 86' lang='lat' dir='ltr'><strong>etiam</strong></span> <span class='ocrx_word' id='word_1_222' title='bbox 394 2864 709 2957; x_wconf 76' lang='grc' dir='ltr'><strong>Οὖῆκτις,</strong></span> <span class='ocrx_word' id='word_1_223' title='bbox 754 2872 1094 2953; x_wconf 84' lang='grc' dir='ltr'>Νεμῆται,</span> <span class='ocrx_word' id='word_1_224' title='bbox 1139 2870 1451 2953; x_wconf 82' lang='grc' dir='ltr'><strong><em>Δημῆται</em></strong></span> <span class='ocrx_word' id='word_1_225' title='bbox 1494 2879 1715 2930; x_wconf 86' lang='lat' dir='ltr'><strong>contra</strong></span> <span class='ocrx_word' id='word_1_226' title='bbox 1757 2870 2007 2951; x_wconf 91' lang='lat' dir='ltr'><strong>regulas</strong></span> <span class='ocrx_word' id='word_1_227' title='bbox 2055 2891 2355 2932; x_wconf 88' lang='lat' dir='ltr'><strong>sonorum</strong></span> <span class='ocrx_word' id='word_1_228' title='bbox 2400 2873 2493 2953; x_wconf 85' lang='lat' dir='ltr'><strong>(p.</strong></span> 
     </span>
     <span class='ocr_line' id='line_1_25' title="bbox 182 2973 2498 3059; baseline 0.002 -26"><span class='ocrx_word' id='word_1_229' title='bbox 182 2980 337 3055; x_wconf 86' lang='lat'><strong>100).</strong></span> <span class='ocrx_word' id='word_1_230' title='bbox 391 2976 566 3039; x_wconf 90' lang='lat' dir='ltr'><strong>Sunt</strong></span> <span class='ocrx_word' id='word_1_231' title='bbox 595 2985 810 3037; x_wconf 90' lang='lat' dir='ltr'><strong>autem</strong></span> <span class='ocrx_word' id='word_1_232' title='bbox 840 2973 1131 3055; x_wconf 79' lang='lat' dir='ltr'><strong>exempla</strong></span> <span class='ocrx_word' id='word_1_233' title='bbox 1161 2974 1469 3054; x_wconf 88' lang='lat' dir='ltr'><strong>quaedam</strong></span> <span class='ocrx_word' id='word_1_234' title='bbox 1493 2973 1900 3036; x_wconf 88' lang='lat' dir='ltr'><strong>derivationis</strong></span> <span class='ocrx_word' id='word_1_235' title='bbox 1924 2996 2073 3036; x_wconf 91' lang='lat' dir='ltr'><strong>cum</strong></span> <span class='ocrx_word' id='word_1_236' title='bbox 2097 2974 2498 3059; x_wconf 90' lang='lat' dir='ltr'><strong>diphthongo</strong></span> 
     </span>
     <span class='ocr_line' id='line_1_26' title="bbox 176 3079 2491 3162; baseline 0.002 -22"><span class='ocrx_word' id='word_1_237' title='bbox 176 3080 380 3142; x_wconf 88' lang='lat' dir='ltr'><strong>AUD:</strong></span> <span class='ocrx_word' id='word_1_238' title='bbox 439 3082 788 3162; x_wconf 89' lang='lat' dir='ltr'><strong>Bagaudae</strong></span> <span class='ocrx_word' id='word_1_239' title='bbox 835 3081 1316 3161; x_wconf 85' lang='lat' dir='ltr'><strong>(praedatores)</strong></span> <span class='ocrx_word' id='word_1_240' title='bbox 1362 3080 1532 3162; x_wconf 91' lang='lat' dir='ltr'><strong>apud</strong></span> <span class='ocrx_word' id='word_1_241' title='bbox 1575 3079 1790 3161; x_wconf 91' lang='lat' dir='ltr'><strong>plures</strong></span> <span class='ocrx_word' id='word_1_242' title='bbox 1836 3080 2169 3162; x_wconf 85' lang='lat' dir='ltr'><strong>scriptores</strong></span> <span class='ocrx_word' id='word_1_243' title='bbox 2214 3093 2491 3144; x_wconf 86' lang='lat' dir='ltr'><strong>veteres:</strong></span> 
     </span>
     <span class='ocr_line' id='line_1_27' title="bbox 176 3183 2496 3268; baseline 0.003 -24"><span class='ocrx_word' id='word_1_244' title='bbox 176 3183 427 3268; x_wconf 91' lang='lat' dir='ltr'><strong>Eutrop.</strong></span> <span class='ocrx_word' id='word_1_245' title='bbox 463 3185 689 3247; x_wconf 89' lang='lat' dir='ltr'><strong>Aurel.</strong></span> <span class='ocrx_word' id='word_1_246' title='bbox 726 3185 898 3248; x_wconf 89' lang='lat' dir='ltr'><strong>Vict.</strong></span> <span class='ocrx_word' id='word_1_247' title='bbox 948 3186 1223 3247; x_wconf 91' lang='lat' dir='ltr'><strong>Eumen.</strong></span> <span class='ocrx_word' id='word_1_248' title='bbox 1263 3184 1544 3247; x_wconf 89' lang='lat' dir='ltr'><strong>Salvian.</strong></span> <span class='ocrx_word' id='word_1_249' title='bbox 1583 3184 1821 3246; x_wconf 89' lang='lat' dir='ltr'><strong>Zosim.</strong></span> <span class='ocrx_word' id='word_1_250' title='bbox 1841 3184 1875 3217; x_wconf 80' lang='lat'><em>*</em></span> <span class='ocrx_word' id='word_1_251' title='bbox 1906 3184 2226 3267; x_wconf 88' lang='lat' dir='ltr'><strong>Sapaudia</strong></span> <span class='ocrx_word' id='word_1_252' title='bbox 2256 3189 2496 3268; x_wconf 84' lang='lat' dir='ltr'><strong>(recen-</strong></span> 
     </span>
     <span class='ocr_line' id='line_1_28' title="bbox 175 3287 2495 3375; baseline 0.003 -27"><span class='ocrx_word' id='word_1_253' title='bbox 175 3287 287 3351; x_wconf 89' lang='lat' dir='ltr'><strong>tius</strong></span> <span class='ocrx_word' id='word_1_254' title='bbox 328 3291 588 3371; x_wconf 89' lang='lat' dir='ltr'><strong>Savoia)</strong></span> <span class='ocrx_word' id='word_1_255' title='bbox 617 3290 942 3353; x_wconf 90' lang='lat' dir='ltr'><strong>Ammian.</strong></span> <span class='ocrx_word' id='word_1_256' title='bbox 985 3297 1085 3366; x_wconf 86' lang='lat'><strong>15,</strong></span> <span class='ocrx_word' id='word_1_257' title='bbox 1126 3296 1225 3351; x_wconf 91' lang='lat'><strong>11.</strong></span> <span class='ocrx_word' id='word_1_258' title='bbox 1260 3289 1472 3352; x_wconf 90' lang='lat' dir='ltr'><strong>Notit.</strong></span> <span class='ocrx_word' id='word_1_259' title='bbox 1509 3288 1686 3370; x_wconf 90' lang='lat' dir='ltr'><strong>dign.</strong></span> <span class='ocrx_word' id='word_1_260' title='bbox 1738 3289 2017 3351; x_wconf 89' lang='lat' dir='ltr'><strong>Ennodii</strong></span> <span class='ocrx_word' id='word_1_261' title='bbox 2049 3290 2184 3353; x_wconf 90' lang='lat' dir='ltr'><strong>Vit.</strong></span> <span class='ocrx_word' id='word_1_262' title='bbox 2237 3292 2304 3354; x_wconf 92' lang='lat' dir='ltr'><strong>S.</strong></span> <span class='ocrx_word' id='word_1_263' title='bbox 2344 3293 2495 3375; x_wconf 90' lang='lat' dir='ltr'><strong>Epi-</strong></span> 
     </span>
     <span class='ocr_line' id='line_1_29' title="bbox 174 3393 2495 3481; baseline 0.003 -26"><span class='ocrx_word' id='word_1_264' title='bbox 174 3393 411 3473; x_wconf 90' lang='lat' dir='ltr'><strong>phanii,</strong></span> <span class='ocrx_word' id='word_1_265' title='bbox 462 3395 635 3457; x_wconf 91' lang='lat' dir='ltr'><strong>Boll.</strong></span> <span class='ocrx_word' id='word_1_266' title='bbox 670 3396 821 3457; x_wconf 87' lang='lat' dir='ltr'><strong>Jan.</strong></span> <span class='ocrx_word' id='word_1_267' title='bbox 861 3401 921 3471; x_wconf 90' lang='grc'><strong>2,</strong></span> <span class='ocrx_word' id='word_1_268' title='bbox 963 3402 1107 3457; x_wconf 87' lang='lat'><strong>375.</strong></span> <span class='ocrx_word' id='word_1_269' title='bbox 1174 3395 1533 3477; x_wconf 82' lang='lat' dir='ltr'><strong>SapauduS,</strong></span> <span class='ocrx_word' id='word_1_270' title='bbox 1588 3393 1921 3457; x_wconf 86' lang='lat' dir='ltr'><strong>Sabaudus</strong></span> <span class='ocrx_word' id='word_1_271' title='bbox 1969 3398 2170 3475; x_wconf 91' lang='lat' dir='ltr'><strong>(nom.</strong></span> <span class='ocrx_word' id='word_1_272' title='bbox 2195 3396 2362 3481; x_wconf 68' lang='lat' dir='ltr'><strong>⁴viri)</strong></span> <span class='ocrx_word' id='word_1_273' title='bbox 2396 3399 2495 3461; x_wconf 91' lang='lat' dir='ltr'><strong>Si-</strong></span> 
     </span>
     <span class='ocr_line' id='line_1_30' title="bbox 174 3498 2496 3583; baseline 0.003 -24"><span class='ocrx_word' id='word_1_274' title='bbox 174 3499 307 3560; x_wconf 89' lang='lat' dir='ltr'><strong>don.</strong></span> <span class='ocrx_word' id='word_1_275' title='bbox 335 3501 524 3583; x_wconf 89' lang='lat' dir='ltr'><strong>epist.</strong></span> <span class='ocrx_word' id='word_1_276' title='bbox 559 3507 618 3575; x_wconf 87' lang='lat'><strong>5,</strong></span> <span class='ocrx_word' id='word_1_277' title='bbox 654 3507 754 3562; x_wconf 92' lang='lat'><strong>10.</strong></span> <span class='ocrx_word' id='word_1_278' title='bbox 792 3501 1057 3581; x_wconf 89' lang='lat' dir='ltr'><strong>Gregor.</strong></span> <span class='ocrx_word' id='word_1_279' title='bbox 1088 3501 1244 3562; x_wconf 92' lang='lat' dir='ltr'><strong>Tur.</strong></span> <span class='ocrx_word' id='word_1_280' title='bbox 1277 3506 1337 3574; x_wconf 88' lang='lat'><strong>4,</strong></span> <span class='ocrx_word' id='word_1_281' title='bbox 1371 3506 1472 3560; x_wconf 88' lang='lat'><strong>30.</strong></span> <span class='ocrx_word' id='word_1_282' title='bbox 1509 3498 1642 3560; x_wconf 78' lang='lat' dir='ltr'><strong>avis</strong></span> <span class='ocrx_word' id='word_1_283' title='bbox 1672 3499 1901 3579; x_wconf 88' lang='lat' dir='ltr'><strong>gallico</strong></span> <span class='ocrx_word' id='word_1_284' title='bbox 1929 3501 2235 3564; x_wconf 86' lang='lat' dir='ltr'><strong>vocabulo</strong></span> <span class='ocrx_word' id='word_1_285' title='bbox 2266 3504 2496 3567; x_wconf 88' lang='lat' dir='ltr'><strong>alauda</strong></span> 
     </span>
     <span class='ocr_line' id='line_1_31' title="bbox 175 3604 2493 3687; baseline 0.003 -23"><span class='ocrx_word' id='word_1_286' title='bbox 175 3605 359 3681; x_wconf 87' lang='lat' dir='ltr'><strong>Plin.,</strong></span> <span class='ocrx_word' id='word_1_287' title='bbox 382 3605 728 3668; x_wconf 90' lang='lat' dir='ltr'><strong>Olloudius</strong></span> <span class='ocrx_word' id='word_1_288' title='bbox 744 3605 1046 3687; x_wconf 88' lang='lat' dir='ltr'><strong>Inscript.</strong></span> <span class='ocrx_word' id='word_1_289' title='bbox 1070 3607 1185 3685; x_wconf 65' lang='grc' dir='ltr'><strong>(τε</strong></span> <span class='ocrx_word' id='word_1_290' title='bbox 1205 3604 1483 3680; x_wconf 89' lang='lat' dir='ltr'><strong>-audius,</strong></span> <span class='ocrx_word' id='word_1_291' title='bbox 1505 3627 1571 3686; x_wconf 93' lang='lat' dir='ltr'><strong>p.</strong></span> <span class='ocrx_word' id='word_1_292' title='bbox 1596 3606 1725 3684; x_wconf 90' lang='lat'><strong>38).</strong></span> <span class='ocrx_word' id='word_1_293' title='bbox 1764 3605 2122 3667; x_wconf 84' lang='lat' dir='ltr'><strong>Referenda</strong></span> <span class='ocrx_word' id='word_1_294' title='bbox 2152 3606 2277 3669; x_wconf 90' lang='lat' dir='ltr'><strong>huc</strong></span> <span class='ocrx_word' id='word_1_295' title='bbox 2300 3608 2493 3671; x_wconf 87' lang='lat' dir='ltr'><strong>etiam</strong></span> 
     </span>
    </p>
   </div>
   <div class='ocr_carea' id='block_1_4' title="bbox 173 3708 2610 3792">
    <p class='ocr_par' dir='ltr' id='par_1_5' title="bbox 173 3708 2610 3792">
     <span class='ocr_line' id='line_1_32' title="bbox 173 3708 2610 3792; baseline -0 -23"><span class='ocrx_word' id='word_1_296' title='bbox 173 3708 457 3774; x_wconf 88' lang='lat' dir='ltr'><strong>videntur</strong></span> <span class='ocrx_word' id='word_1_297' title='bbox 496 3709 792 3772; x_wconf 90' lang='lat' dir='ltr'><strong>nomina:</strong></span> <span class='ocrx_word' id='word_1_298' title='bbox 843 3709 1226 3792; x_wconf 89' lang='lat' dir='ltr'><strong>Apaudulus</strong></span> <span class='ocrx_word' id='word_1_299' title='bbox 1273 3708 1446 3791; x_wconf 89' lang='lat' dir='ltr'><strong>(viri)</strong></span> <span class='ocrx_word' id='word_1_300' title='bbox 1488 3711 1704 3772; x_wconf 91' lang='lat' dir='ltr'><strong>Amm.</strong></span> <span class='ocrx_word' id='word_1_301' title='bbox 1743 3715 1846 3787; x_wconf 86' lang='lat'><strong>28,</strong></span> <span class='ocrx_word' id='word_1_302' title='bbox 1887 3717 1944 3771; x_wconf 89' lang='lat'><strong>1.</strong></span> <span class='ocrx_word' id='word_1_303' title='bbox 2010 3712 2180 3776; x_wconf 87' lang='lat' dir='ltr'><strong>Fons</strong></span> <span class='ocrx_word' id='word_1_304' title='bbox 2220 3713 2491 3778; x_wconf 90' lang='lat' dir='ltr'><strong>Bleaudi</strong></span> <span class='ocrx_word' id='word_1_305' title='bbox 2604 3760 2610 3768; x_wconf 90' lang='lat'><strong>.</strong></span> 
     </span>
    </p>
   </div>
   <div class='ocr_carea' id='block_1_5' title="bbox 169 3830 574 3841">
    <p class='ocr_par' dir='ltr' id='par_1_6' title="bbox 169 3830 574 3841">
     <span class='ocr_line' id='line_1_33' title="bbox 169 3830 574 3841; baseline 0 1401"><span class='ocrx_word' id='word_1_306' title='bbox 169 3830 574 3841; x_wconf 95' lang='lat' dir='ltr'><strong> </strong></span> 
     </span>
    </p>
   </div>
   <div class='ocr_carea' id='block_1_6' title="bbox 293 3878 2602 3953">
    <p class='ocr_par' dir='ltr' id='par_1_7' title="bbox 293 3878 2602 3953">
     <span class='ocr_line' id='line_1_34' title="bbox 293 3878 2602 3953; baseline 0.004 -24"><span class='ocrx_word' id='word_1_307' title='bbox 293 3878 319 3904; x_wconf 68' lang='lat'><strong>²*</strong></span> <span class='ocrx_word' id='word_1_308' title='bbox 351 3878 547 3930; x_wconf 89' lang='lat' dir='ltr'><strong>Aurel.</strong></span> <span class='ocrx_word' id='word_1_309' title='bbox 576 3878 716 3929; x_wconf 89' lang='lat' dir='ltr'><strong>Vict.</strong></span> <span class='ocrx_word' id='word_1_310' title='bbox 747 3878 813 3929; x_wconf 87' lang='lat' dir='ltr'><strong>de</strong></span> <span class='ocrx_word' id='word_1_311' title='bbox 852 3882 1001 3930; x_wconf 77' lang='lat' dir='ltr'><strong>CaeS.</strong></span> <span class='ocrx_word' id='word_1_312' title='bbox 1030 3882 1128 3931; x_wconf 89' lang='lat'><strong>39:</strong></span> <span class='ocrx_word' id='word_1_313' title='bbox 1169 3879 1346 3931; x_wconf 84' lang='lat' dir='ltr'><strong>excita</strong></span> <span class='ocrx_word' id='word_1_314' title='bbox 1376 3896 1568 3931; x_wconf 89' lang='lat' dir='ltr'><strong>manus</strong></span> <span class='ocrx_word' id='word_1_315' title='bbox 1606 3880 1901 3949; x_wconf 87' lang='lat' dir='ltr'><strong>agrestium</strong></span> <span class='ocrx_word' id='word_1_316' title='bbox 1935 3898 1997 3934; x_wconf 87' lang='lat' dir='ltr'><strong>ac</strong></span> <span class='ocrx_word' id='word_1_317' title='bbox 2032 3882 2321 3946; x_wconf 86' lang='lat' dir='ltr'><strong>latronum,</strong></span> <span class='ocrx_word' id='word_1_318' title='bbox 2352 3903 2488 3953; x_wconf 86' lang='lat' dir='ltr'><strong>quos</strong></span> <span class='ocrx_word' id='word_1_319' title='bbox 2589 3881 2602 3896; x_wconf 61' lang='lat'>²</span> 
     </span>
    </p>
   </div>
   <div class='ocr_carea' id='block_1_7' title="bbox 159 3959 2492 4459">
    <p class='ocr_par' dir='ltr' id='par_1_8' title="bbox 159 3959 2492 4459">
     <span class='ocr_line' id='line_1_35' title="bbox 167 3959 2490 4037; baseline 0.005 -28"><span class='ocrx_word' id='word_1_320' title='bbox 167 3959 451 4028; x_wconf 72' lang='lat' dir='ltr'><strong>Baqaudas</strong></span> <span class='ocrx_word' id='word_1_321' title='bbox 478 3962 686 4016; x_wconf 88' lang='lat' dir='ltr'><strong>incolae</strong></span> <span class='ocrx_word' id='word_1_322' title='bbox 711 3969 921 4014; x_wconf 86' lang='lat' dir='ltr'><strong>vocant.</strong></span> <span class='ocrx_word' id='word_1_323' title='bbox 972 3962 1203 4014; x_wconf 89' lang='lat' dir='ltr'><strong>Eumen.</strong></span> <span class='ocrx_word' id='word_1_324' title='bbox 1233 3964 1291 4015; x_wconf 90' lang='lat' dir='ltr'><strong>in</strong></span> <span class='ocrx_word' id='word_1_325' title='bbox 1314 3981 1572 4033; x_wconf 86' lang='lat' dir='ltr'><strong>panegyr.</strong></span> <span class='ocrx_word' id='word_1_326' title='bbox 1602 3972 1709 4017; x_wconf 85' lang='lat' dir='ltr'><strong>vet.</strong></span> <span class='ocrx_word' id='word_1_327' title='bbox 1741 3969 1788 4028; x_wconf 90' lang='lat'><strong>3,</strong></span> <span class='ocrx_word' id='word_1_328' title='bbox 1814 3969 1877 4017; x_wconf 81' lang='lat'><strong>4:</strong></span> <span class='ocrx_word' id='word_1_329' title='bbox 1904 3966 2245 4019; x_wconf 87' lang='lat' dir='ltr'><strong>latrocinium</strong></span> <span class='ocrx_word' id='word_1_330' title='bbox 2269 3969 2490 4037; x_wconf 70' lang='lat' dir='ltr'><strong>Bayau-</strong></span> 
     </span>
     <span class='ocr_line' id='line_1_36' title="bbox 167 4042 2490 4118; baseline 0.004 -23"><span class='ocrx_word' id='word_1_331' title='bbox 167 4042 301 4097; x_wconf 81' lang='lat' dir='ltr'><strong>dicae</strong></span> <span class='ocrx_word' id='word_1_332' title='bbox 337 4045 670 4098; x_wconf 88' lang='lat' dir='ltr'><strong>rebellionis.</strong></span> <span class='ocrx_word' id='word_1_333' title='bbox 724 4046 1004 4098; x_wconf 87' lang='lat' dir='ltr'><strong>Salvianus</strong></span> <span class='ocrx_word' id='word_1_334' title='bbox 1042 4046 1109 4097; x_wconf 88' lang='lat' dir='ltr'><strong>de</strong></span> <span class='ocrx_word' id='word_1_335' title='bbox 1145 4047 1429 4115; x_wconf 89' lang='lat' dir='ltr'><strong>gubernat.</strong></span> <span class='ocrx_word' id='word_1_336' title='bbox 1460 4048 1548 4100; x_wconf 90' lang='lat' dir='ltr'><strong>dei</strong></span> <span class='ocrx_word' id='word_1_337' title='bbox 1572 4048 1668 4100; x_wconf 91' lang='lat' dir='ltr'><strong>lib.</strong></span> <span class='ocrx_word' id='word_1_338' title='bbox 1699 4052 1747 4111; x_wconf 91' lang='lat'><strong>5,</strong></span> <span class='ocrx_word' id='word_1_339' title='bbox 1779 4066 1833 4118; x_wconf 94' lang='lat' dir='ltr'><strong>p.</strong></span> <span class='ocrx_word' id='word_1_340' title='bbox 1868 4052 1963 4103; x_wconf 89' lang='lat'><strong>159</strong></span> <span class='ocrx_word' id='word_1_341' title='bbox 1995 4052 2079 4103; x_wconf 90' lang='lat' dir='ltr'><strong>ed.</strong></span> <span class='ocrx_word' id='word_1_342' title='bbox 2109 4052 2353 4104; x_wconf 80' lang='lat' dir='ltr'><strong>Pithoei:</strong></span> <span class='ocrx_word' id='word_1_343' title='bbox 2392 4053 2490 4105; x_wconf 87' lang='lat' dir='ltr'><strong>im-</strong></span> 
     </span>
     <span class='ocr_line' id='line_1_37' title="bbox 165 4128 2483 4208; baseline 0.005 -29"><span class='ocrx_word' id='word_1_344' title='bbox 165 4135 409 4194; x_wconf 85' lang='lat' dir='ltr'><strong>putamus</strong></span> <span class='ocrx_word' id='word_1_345' title='bbox 446 4146 664 4191; x_wconf 87' lang='lat' dir='ltr'><strong>nomen‚</strong></span> <span class='ocrx_word' id='word_1_346' title='bbox 695 4130 840 4198; x_wconf 86' lang='lat' dir='ltr'><strong>quod</strong></span> <span class='ocrx_word' id='word_1_347' title='bbox 875 4128 981 4198; x_wconf 91' lang='lat' dir='ltr'><strong>ipsi</strong></span> <span class='ocrx_word' id='word_1_348' title='bbox 1015 4129 1256 4195; x_wconf 89' lang='lat' dir='ltr'><strong>fecimus,</strong></span> <span class='ocrx_word' id='word_1_349' title='bbox 1287 4138 1342 4183; x_wconf 85' lang='lat' dir='ltr'><strong>et</strong></span> <span class='ocrx_word' id='word_1_350' title='bbox 1373 4149 1627 4184; x_wconf 87' lang='lat' dir='ltr'><strong>vocamus</strong></span> <span class='ocrx_word' id='word_1_351' title='bbox 1664 4132 1909 4198; x_wconf 81' lang='lat' dir='ltr'><strong>rebelles,</strong></span> <span class='ocrx_word' id='word_1_352' title='bbox 1939 4153 2191 4189; x_wconf 89' lang='lat' dir='ltr'><strong>vocamus</strong></span> <span class='ocrx_word' id='word_1_353' title='bbox 2226 4138 2483 4208; x_wconf 80' lang='lat' dir='ltr'><strong>perditOS,</strong></span> 
     </span>
     <span class='ocr_line' id='line_1_38' title="bbox 167 4213 2489 4290; baseline 0.006 -28"><span class='ocrx_word' id='word_1_354' title='bbox 167 4226 294 4277; x_wconf 85' lang='lat' dir='ltr'><strong>quos</strong></span> <span class='ocrx_word' id='word_1_355' title='bbox 328 4229 447 4264; x_wconf 88' lang='lat' dir='ltr'><strong>esse</strong></span> <span class='ocrx_word' id='word_1_356' title='bbox 489 4213 845 4281; x_wconf 86' lang='lat' dir='ltr'><strong>compulimus</strong></span> <span class='ocrx_word' id='word_1_357' title='bbox 881 4213 1212 4268; x_wconf 83' lang='lat' dir='ltr'><strong>criminosos.</strong></span> <span class='ocrx_word' id='word_1_358' title='bbox 1266 4216 1480 4274; x_wconf 82' lang='lat' dir='ltr'><strong>Quibus</strong></span> <span class='ocrx_word' id='word_1_359' title='bbox 1517 4217 1661 4278; x_wconf 87' lang='lat' dir='ltr'><strong>enim</strong></span> <span class='ocrx_word' id='word_1_360' title='bbox 1697 4217 1816 4270; x_wconf 87' lang='lat' dir='ltr'><strong>aliis</strong></span> <span class='ocrx_word' id='word_1_361' title='bbox 1845 4219 2007 4271; x_wconf 89' lang='lat' dir='ltr'><strong>rebus</strong></span> <span class='ocrx_word' id='word_1_362' title='bbox 2028 4221 2324 4290; x_wconf 75' lang='lat' dir='ltr'><strong>Baqatcdae</strong></span> <span class='ocrx_word' id='word_1_363' title='bbox 2362 4223 2489 4275; x_wconf 86' lang='lat' dir='ltr'><strong>facti</strong></span> 
     </span>
     <span class='ocr_line' id='line_1_39' title="bbox 165 4296 2492 4373; baseline 0.005 -28"><span class='ocrx_word' id='word_1_364' title='bbox 165 4300 303 4359; x_wconf 86' lang='lat' dir='ltr'><strong>sunt,</strong></span> <span class='ocrx_word' id='word_1_365' title='bbox 333 4296 442 4347; x_wconf 88' lang='lat' dir='ltr'><strong>nisi</strong></span> <span class='ocrx_word' id='word_1_366' title='bbox 477 4296 856 4365; x_wconf 88' lang='lat' dir='ltr'><strong>iniquitatibus</strong></span> <span class='ocrx_word' id='word_1_367' title='bbox 880 4298 1117 4351; x_wconf 79' lang='lat' dir='ltr'><strong>nostris?</strong></span> <span class='ocrx_word' id='word_1_368' title='bbox 1153 4299 1235 4351; x_wconf 86' lang='lat' dir='ltr'><strong>cf.</strong></span> <span class='ocrx_word' id='word_1_369' title='bbox 1263 4300 1319 4351; x_wconf 90' lang='lat' dir='ltr'><strong>in</strong></span> <span class='ocrx_word' id='word_1_370' title='bbox 1347 4301 1475 4353; x_wconf 87' lang='lat' dir='ltr'><strong>Wb.</strong></span> <span class='ocrx_word' id='word_1_371' title='bbox 1506 4302 1631 4354; x_wconf 72' lang='lat'>251³:</span> <span class='ocrx_word' id='word_1_372' title='bbox 1661 4320 1768 4354; x_wconf 87' lang='lat' dir='ltr'><strong>am.</strong></span> <span class='ocrx_word' id='word_1_373' title='bbox 1797 4303 1960 4354; x_wconf 74' lang='lat' dir='ltr'><strong>dote&#39;it</strong></span> <span class='ocrx_word' id='word_1_374' title='bbox 1980 4304 2089 4356; x_wconf 80' lang='lat' dir='ltr'><strong>side</strong></span> <span class='ocrx_word' id='word_1_375' title='bbox 2112 4306 2360 4373; x_wconf 69' lang='lat' dir='ltr'><strong>doqabdil</strong></span> <span class='ocrx_word' id='word_1_376' title='bbox 2381 4305 2492 4357; x_wconf 67' lang='lat' dir='ltr'><strong>bai-</strong></span> 
     </span>
     <span class='ocr_line' id='line_1_40' title="bbox 159 4378 2486 4459; baseline 0.006 -31"><span class='ocrx_word' id='word_1_377' title='bbox 159 4378 285 4441; x_wconf 79' lang='lat' dir='ltr'><strong>9uil.</strong></span> <span class='ocrx_word' id='word_1_378' title='bbox 319 4418 332 4429; x_wconf 93' lang='lat'><strong>.</strong></span> <span class='ocrx_word' id='word_1_379' title='bbox 366 4418 380 4429; x_wconf 93' lang='lat'><strong>.</strong></span> <span class='ocrx_word' id='word_1_380' title='bbox 415 4379 516 4448; x_wconf 87' lang='lat' dir='ltr'><strong>(gl.</strong></span> <span class='ocrx_word' id='word_1_381' title='bbox 560 4381 701 4433; x_wconf 85' lang='lat' dir='ltr'><strong>sicut</strong></span> <span class='ocrx_word' id='word_1_382' title='bbox 740 4382 826 4434; x_wconf 86' lang='lat' dir='ltr'><strong>fur</strong></span> <span class='ocrx_word' id='word_1_383' title='bbox 860 4382 917 4433; x_wconf 90' lang='lat' dir='ltr'><strong>in</strong></span> <span class='ocrx_word' id='word_1_384' title='bbox 964 4389 1152 4447; x_wconf 59' lang='lat' dir='ltr'><strong>nocte,</strong></span> <span class='ocrx_word' id='word_1_385' title='bbox 1190 4384 1227 4436; x_wconf 91' lang='lat' dir='ltr'><strong>i.</strong></span> <span class='ocrx_word' id='word_1_386' title='bbox 1268 4402 1316 4436; x_wconf 89' lang='lat' dir='ltr'><strong>e.</strong></span> <span class='ocrx_word' id='word_1_387' title='bbox 1354 4392 1418 4437; x_wconf 91' lang='lat' dir='ltr'><strong>ut</strong></span> <span class='ocrx_word' id='word_1_388' title='bbox 1451 4385 1602 4438; x_wconf 89' lang='lat' dir='ltr'><strong>venit</strong></span> <span class='ocrx_word' id='word_1_389' title='bbox 1639 4385 1729 4439; x_wconf 89' lang='lat' dir='ltr'><strong>hic</strong></span> <span class='ocrx_word' id='word_1_390' title='bbox 1768 4386 1837 4440; x_wconf 87' lang='lat' dir='ltr'><strong>ad</strong></span> <span class='ocrx_word' id='word_1_391' title='bbox 1871 4388 2184 4458; x_wconf 85' lang='lat' dir='ltr'><strong>capiendam</strong></span> <span class='ocrx_word' id='word_1_392' title='bbox 2216 4390 2486 4459; x_wconf 87' lang='lat' dir='ltr'><strong>praedam,</strong></span> 
     </span>
    </p>
   </div>
   <div class='ocr_carea' id='block_1_8' title="bbox 163 4463 2419 4619">
    <p class='ocr_par' dir='ltr' id='par_1_9' title="bbox 163 4463 2419 4619">
     <span class='ocr_line' id='line_1_41' title="bbox 163 4463 2419 4598; baseline 0.008 -90"><span class='ocrx_word' id='word_1_393' title='bbox 163 4475 279 4512; x_wconf 89' lang='lat' dir='ltr'><strong>cum</strong></span> <span class='ocrx_word' id='word_1_394' title='bbox 305 4463 585 4598; x_wconf 75' lang='lat' dir='ltr'><strong>etc.)I,Iubi</strong></span> <span class='ocrx_word' id='word_1_395' title='bbox 614 4463 825 4532; x_wconf 72' lang='lat' dir='ltr'><strong>bdiquil,</strong></span> <span class='ocrx_word' id='word_1_396' title='bbox 855 4466 901 4518; x_wconf 89' lang='lat' dir='ltr'><strong>si</strong></span> <span class='ocrx_word' id='word_1_397' title='bbox 927 4474 1008 4519; x_wconf 91' lang='lat' dir='ltr'><strong>est</strong></span> <span class='ocrx_word' id='word_1_398' title='bbox 1032 4484 1061 4518; x_wconf 90' lang='lat' dir='ltr'><strong>e</strong></span> <span class='ocrx_word' id='word_1_399' title='bbox 1088 4468 1263 4536; x_wconf 73' lang='lat' dir='ltr'><strong>bdyul,</strong></span> <span class='ocrx_word' id='word_1_400' title='bbox 1292 4469 1479 4522; x_wconf 83' lang='lat' dir='ltr'><strong>referri</strong></span> <span class='ocrx_word' id='word_1_401' title='bbox 1501 4471 1703 4540; x_wconf 83' lang='lat' dir='ltr'><strong>poterit</strong></span> <span class='ocrx_word' id='word_1_402' title='bbox 1727 4472 1796 4523; x_wconf 88' lang='lat' dir='ltr'><strong>ad</strong></span> <span class='ocrx_word' id='word_1_403' title='bbox 1817 4472 2050 4525; x_wconf 84' lang='lat' dir='ltr'><strong>radicem</strong></span> <span class='ocrx_word' id='word_1_404' title='bbox 2078 4474 2178 4542; x_wconf 71' lang='lat' dir='ltr'><strong>bdq</strong></span> <span class='ocrx_word' id='word_1_405' title='bbox 2206 4474 2279 4543; x_wconf 92' lang='lat' dir='ltr'><strong>(p.</strong></span> <span class='ocrx_word' id='word_1_406' title='bbox 2310 4475 2419 4544; x_wconf 87' lang='lat'><strong>20).</strong></span> 
     </span>
     <span class='ocr_line' id='line_1_42' title="bbox 257 4560 2083 4619; baseline 0.007 -23"><span class='ocrx_word' id='word_1_407' title='bbox 257 4560 391 4598; x_wconf 87' lang='lat' dir='ltr'><strong>voL.</strong></span> <span class='ocrx_word' id='word_1_408' title='bbox 492 4585 506 4598; x_wconf 85' lang='grc'><strong>.</strong></span> <span class='ocrx_word' id='word_1_409' title='bbox 884 4599 885 4602; x_wconf 74' lang='grc'>,</span> <span class='ocrx_word' id='word_1_410' title='bbox 2004 4564 2083 4619; x_wconf 78' lang='grc'><strong>48</strong></span> 
     </span>
    </p>
   </div>
  </div>
 </body>
</html>
