3150 5242
675 425 798 486 IV.
837 429 897 483 3.
959 440 1492 484 ooxmxc‘rloxsss
1522 438 1996 481 BRITANNICAE.
2380 414 2505 475 693

162 594 406 676 ueneyi
442 593 551 655 im.
586 614 818 655 manac
842 613 941 672 pa
960 590 1161 674 fford
1182 589 1283 650 vei
1307 587 1525 671 hynny
1557 588 1794 666 (malus
1822 598 1918 648 est
1948 606 2152 646 sermo
2183 597 2358 658 tuus,
2393 586 2506 646 sed

162 700 326 782 quia
360 721 492 760 eras
521 698 592 760 in
624 719 699 760 eo
727 708 804 759 ut
832 697 1236 758 commodum
1263 715 1481 755 meum
1501 706 1885 756 monstrares
1906 690 2091 766 mihi,
2119 688 2330 751 indica
2353 710 2506 771 quo-

157 805 369 866 modo
396 804 478 864 sit
505 804 653 884 hoc)
690 810 749 877 1,
790 807 891 862 19.

345 908 701 970 Deficiente
741 906 944 988 magis
986 905 1452 988 significatione
1492 905 1758 968 relativa
1784 903 2154 986 particulae,
2190 902 2508 985 significat

161 1014 347 1075 idem
390 1014 558 1093 quod
596 1013 709 1074 lat.
744 1032 918 1087 nam,
956 1010 1162 1073 enim.-
1206 1010 1322 1094 hyt
1357 1011 1563 1072 hediw
1600 1012 1844 1095 ydwyfi
1866 1034 1954 1094 yn
1983 1011 2274 1090 darparu
2298 1007 2515 1091 ywled

161 1119 313 1202 ytti.
356 1118 484 1179 kan
532 1117 825 1201 ywydwn
863 1117 1062 1197 ydout
1104 1116 1159 1178 ti
1190 1115 1567 1198 ymkeissaw
1600 1120 1832 1198 (usque
1874 1116 2063 1178 hodie
2093 1136 2234 1176 sum
2276 1133 2509 1196 parans

166 1224 394 1306 epulas
428 1222 545 1284 tibi
559 1247 580 1296 3
615 1243 769 1283 nam
799 1220 1074 1282 sciebam
1103 1222 1274 1302 quod
1301 1221 1548 1283 venires
1574 1243 1679 1282 me
1709 1222 2064 1300 visitatum)
2098 1220 2274 1281 Mab.
2311 1227 2368 1291 1,
2401 1225 2502 1278 25.

170 1330 347 1391 drwc
375 1351 467 1389 uu
491 1349 625 1411 μανι
657 1326 888 1389 arthur
916 1325 1226 1409 kyfaruot
1252 1348 1294 1387 a
1323 1325 1465 1388 chef
1487 1350 1530 1409 y
1556 1327 1748 1410 yofut
1772 1327 2044 1389 hwnnw.
2072 1326 2278 1408 kanys
2308 1345 2511 1385 mater

167 1456 210 1515 y
256 1432 452 1494 kar-ei
478 1433 761 1513 (dolebat
788 1434 898 1509 A„
932 1432 1236 1494 accidisse
1265 1433 1421 1494 Caio
1462 1433 1709 1495 malum
1749 1432 1903 1506 hoc3
1951 1452 2104 1492 nam
2147 1431 2331 1492 valde
2361 1451 2509 1491 eum

166 1540 457 1618 amabat)
510 1545 539 1597 1
560 1586 582 1614 ,
621 1544 769 1600 258.
846 1539 1030 1601 Idem
1082 1537 1401 1619 significat
1426 1548 1515 1600 *et
1567 1537 1880 1600 MEGYS
1927 1536 2037 1616 (cf.
2085 1535 2254 1617 conj.
2304 1535 2502 1613 mab:

164 1643 349 1726 ayafi
382 1652 630 1726 qennyt
667 1643 720 1706 ti
738 1652 978 1727 qennat
1001 1652 1239 1727 yuynet
1263 1652 1361 1706 au
1385 1666 1429 1726 y
1460 1664 1720 1726 norw-yn
1743 1642 1932 1731 ,ἄνατα
1959 1664 2002 1723 y
2029 1638 2339 1724 ymdidan
2370 1635 2505 1699 ahi.

163 1770 387 1832 meyys
436 1749 763 1810 ardidawl
796 1772 839 1832 y
882 1748 1120 1832 wrthyt
1158 1749 1455 1832 yywelaf
1472 1749 1660 1827 (num
1691 1746 1999 1828 accipiam
2026 1767 2066 1806 a
2095 1756 2158 1805 te
2185 1742 2512 1805 licentiam

166 1854 370 1916 eundi
418 1855 501 1916 ad
541 1854 823 1936 puellam
851 1853 1030 1914 illam
1058 1855 1140 1916 ad
1168 1855 1661 1936 colloquendum
1689 1874 1839 1914 cum
1866 1850 1977 1913 ea?
2022 1871 2174 1912 nam
2203 1858 2510 1910 remotam

165 1982 205 2021 a
235 1971 299 2022 te
330 1981 479 2022 eam
508 1960 721 2041 video)
752 1960 928 2020 Mab.
968 1964 1028 2035 2,
1067 1966 1171 2020 45.

346 2065 622 2129 Cornice
652 2074 718 2126 et
746 2063 1050 2125 armorice
1074 2066 1300 2127 eadem
1328 2063 1710 2145 significatio
1739 2063 1864 2125 alio
1892 2063 2081 2125 modo
2105 2083 2402 2146 expressa
2422 2060 2512 2122 le-

168 2173 371 2254 gitur,
411 2194 470 2233 e.
506 2192 602 2252 gr.
637 2169 1102 2254 praepositione
1130 2191 1267 2244 rac,
1304 2169 1486 2251 cujus
1516 2170 1809 2252 exempla
1836 2169 2002 2231 infra
2032 2179 2399 2251 sequentur.

324 2277 404 2360 f.
455 2275 665 2349 NOC,
693 2276 820 2337 ΝΟ
852 2281 1092 2356 (quam,
1119 2286 1264 2357 post
1294 2275 1822 2356 comparativum)
1855 2273 2213 2356 analogiam
2242 2293 2513 2353 sequens

169 2380 650 2464 conjunctionis
695 2379 1122 2462 copulativae:
1168 2403 1256 2462 yn
1297 2402 1433 2462 va
1473 2402 1561 2463 yn
1603 2381 1690 2441 da
1732 2402 1848 2441 noc
1875 2377 2316 2463 ydywedassei
2346 2424 2361 2436 .
2397 2397 2514 2438 noc

166 2488 498 2570 ydywawt
535 2484 768 2567 (multo
824 2484 1081 2546 melius-
1114 2506 1307 2566 quam
1344 2485 1624 2558 dixerat,
1676 2506 1867 2566 quam
1906 2484 2097 2562 dixit)
2129 2483 2306 2544 Mab.
2350 2489 2406 2542 1.
2447 2487 2507 2542 9.

174 2598 277 2653 12.
315 2591 452 2675 hyn
478 2611 620 2674 ρων
648 2598 777 2674 wyt
804 2591 1037 2673 aqwell
1056 2590 1465 2675 ymdidanwr
1492 2612 1573 2652 no
1603 2590 1698 2652 mi
1717 2589 1955 2670 (senior
1982 2589 2081 2650 vir
2109 2608 2174 2649 es
2207 2599 2272 2650 et
2294 2586 2516 2650 melior

167 2708 464 2759 narrator
517 2717 710 2777 quam
761 2700 905 2778 ego)
943 2704 999 2771 1,
1040 2702 1101 2757 2.
1159 2695 1506 2764 llawenacfi
1550 2718 1594 2777 y
1635 2717 1749 2757 nos
1792 2695 1999 2757 bonno
2044 2716 2162 2756 nor
2203 2714 2316 2755 nos
2354 2701 2517 2775 yynt

171 2801 431 2884 (laetior
472 2801 629 2862 haec
667 2822 797 2862 nox
836 2793 1029 2883 quam
1066 2823 1198 2862 nox
1238 2800 1631 2883 praeterita),
1661 2799 1962 2883 ylassaclz
2002 2820 2122 2862 nor
2145 2798 2520 2884 ffenytwyd

171 2906 469 2988 (viridior
497 2927 689 2987 quam
718 2905 883 2987 pini)
920 2912 977 2981 1,
1016 2913 1077 2966 7.
1118 2914 1219 2967 10.

347 3009 762 3074 Constructio
805 3009 1228 3093 comparativa
1268 3011 1383 3074 lat.
1432 3021 1560 3075 tam
1595 3050 1677 3059 —
1707 3034 1898 3096 quam
1940 3034 2071 3074 non
2113 3010 2405 3094 propriiS,
2441 3021 2516 3072 ut

169 3118 378 3181 latine
396 3165 414 3193 ‚
466 3115 794 3198 particulis
840 3115 1113 3197 exprimi
1172 3117 1334 3178 solet
1372 3117 1680 3180 cambrice
1695 3165 1717 3193 ,
1767 3118 1876 3179 sed
1917 3116 2169 3198 proprio
2211 3115 2517 3198 loquendi

169 3224 389 3297 modo,
427 3220 541 3302 qui
582 3220 878 3282 convenit
922 3242 1070 3282 cum
1108 3220 1310 3283 latino
1347 3244 1541 3305 aeque
1571 3258 1650 3269 -—
1684 3244 1761 3284 ac
1792 3224 1884 3304 (p.
1923 3226 2069 3282 222.
2110 3224 2284 3303 307).
2349 3222 2516 3283 Con-

172 3327 447 3389 structio
498 3347 636 3387 mor
678 3361 765 3371 —
807 3348 849 3387 a
899 3326 1067 3388 idem
1120 3326 1487 3408 significans
1538 3327 1735 3389 rarior
1786 3337 1915 3388 est:
1961 3326 2346 3409 ymadrawd
2380 3348 2517 3388 mor

172 3430 572 3493 wartkaedic
602 3452 643 3491 a
674 3429 920 3493 hwnnw
945 3434 1177 3510 (sermo
1201 3443 1333 3493 tam
1354 3433 1530 3494 rudis
1556 3454 1750 3514 quam
1770 3432 1905 3511 hic)
1932 3433 2108 3493 Mab.
2135 3438 2193 3508 1,
2217 3439 2243 3492 1
2260 3440 2285 3491 1
2302 3480 2316 3494 .
2369 3433 2518 3495 Sola

171 3535 495 3619 particula
529 3557 669 3597 mor
712 3535 1057 3617 praemissa
1086 3536 1411 3618 adjectivis
1442 3536 1715 3599 occurrit
1744 3537 2023 3599 adverbii
2054 3537 2256 3619 magis
2287 3538 2389 3599 vel
2419 3537 2515 3598 in-

175 3640 569 3723 terjectionis
612 3640 784 3702 loco:
835 3662 972 3702 mor
1017 3649 1119 3702 ἱνα
1165 3641 1280 3722 (gl.
1315 3641 1466 3717 heu,
1503 3642 1548 3703 i.
1586 3663 1643 3703 e.
1690 3663 1883 3723 quam
1923 3631 2328 3723 miserum!),
2380 3663 2517 3703 mor

178 3746 355 3809 liaus
386 3744 504 3827 (gl.
541 3767 733 3827 quam
762 3745 1025 3825 multos)
1054 3745 1144 3827 gl.
1182 3746 1393 3808 Oxon.

356 3851 408 3912 C
426 3871 507 3911 or
522 3850 707 3913 nica
748 3850 1060 3933 particula
1091 3852 1515 3935 comparativa
1538 3852 1767 3928 differt,
1799 3852 2038 3915 scilicet
2062 3852 2169 3928 IS,
2199 3852 2337 3927 YS,
2368 3852 2509 3914 ES:

179 3955 357 4019 teche
394 3976 472 4039 ys
513 3955 671 4018 lto-al
707 3955 1056 4037 (pulchrior
1101 3978 1294 4037 quam
1335 3957 1456 4037 sol)
1491 3958 1671 4019 Pass.
1712 3962 1867 4033 226,
1906 3966 1967 4020 4.
2017 3980 2158 4042 moy
2203 3979 2301 4042 με,
2343 3979 2519 4041 moys

179 4060 414 4143 (magis
461 4062 720 4141 quam),
758 4060 919 4144 kyns
962 4060 1060 4144 ys,
1107 4060 1262 4124 kens
1304 4085 1380 4145 ys
1412 4064 1811 4144 (antequam)
1842 4062 1931 4145 sq.
1979 4062 2100 4125 ken
2143 4064 2412 4146 miytern
2442 4086 2518 4146 ys

186 4168 432 4229 Caesar
462 4164 656 4246 (alius
686 4186 799 4226 rex
828 4187 1020 4246 quam
1050 4167 1159 4248 C.)
1198 4173 1340 4242 148,
1378 4174 1440 4229 4.
1489 4166 1610 4229 ken
1640 4188 1809 4230 mam
1839 4177 1903 4230 es
1932 4168 2105 4251 hyhy
2138 4168 2290 4247 (alia
2317 4178 2519 4229 mater

177 4293 372 4353 quam
414 4270 677 4350 haecce)
719 4277 859 4345 198,
897 4278 958 4331 4.
1022 4272 1313 4334 Fortasse
1355 4273 1720 4355 conjunctio
1761 4273 1917 4335 haec
1958 4283 2055 4336 est
2096 4273 2355 4334 nonnisi
2385 4294 2517 4333 ver-

176 4379 332 4439 bum
376 4374 893 4451 substantivum,
945 4398 980 4436 e
1022 4376 1293 4440 formula
1335 4377 1619 4459 pleniore
1663 4378 1910 4440 scilicet
1946 4374 2305 4450 residuum,
2357 4399 2518 4459 quae

179 4482 455 4547 occurrit
496 4480 569 4542 in
613 4481 832 4543 eodem
872 4481 1063 4545 libro:
1110 4483 1316 4565 qweth
1358 4482 1495 4565 (τρεῖς
1537 4484 1765 4546 cronek
1796 4484 2061 4565 (foedior
2104 4503 2295 4563 quam
2339 4482 2517 4562 bufo)
