3150 5242
628 347 750 407 714
970 348 1089 414 IV.
1130 354 1189 410 4.
1271 366 1689 423 ΒΑΜ-1011111118
1719 367 2103 413 NEGATIVAE
2137 368 2610 411 nm'rANNmAE.

620 516 834 596 deb'et)
869 516 1024 598 Leg.
1067 524 1122 579 1.
1165 525 1221 581 7.
1266 524 1321 578 1.
1374 540 1450 579 ac
1493 518 1660 601 yrof
1687 540 1728 578 a
1772 519 1917 581 duw
1962 539 2078 579 nas
2124 517 2374 580 rodwni
2415 539 2527 579 euo
2559 519 2660 598 (ac
2697 537 2811 599 per
2858 538 2975 579 mc

620 631 790 684 certo
819 643 950 685 non
982 623 1197 685 darem
1227 644 1343 705 ego
1375 645 1544 698 eum,
1582 624 1845 706 equum)
1879 623 2055 684 Mab.
2100 630 2156 698 1,
2202 630 2299 684 10.

789 727 1132 791 Cornica
1174 729 1498 813 exempla:
1538 729 1621 811 ef
1637 751 1679 791 α
1697 729 1864 811 ,doys
1889 749 2053 809 qam·
2083 727 2305 790 Christ
2331 750 2418 789 na
2447 749 2561 812 vye
2594 725 2787 810 treqis
2818 725 2972 809 (ju-

616 831 802 907 ravit,
840 835 1010 914 quod
1050 855 1197 895 cum
1227 833 1483 903 Christo
1527 856 1660 896 non
1701 842 1864 896 esset
1908 835 2340 913 conversatus)
2375 835 2556 896 Pass.
2596 839 2698 908 85,
2737 840 2798 894 4.
2857 832 2972 895 the

618 935 904 1021 demptye
927 938 1187 1022 9utkyll
1197 938 1370 1021 [10ρᾶ
1400 939 1515 1001 neb
1545 961 1640 1006 na,
1659 938 1796 1023 ylly
1824 939 1933 1018 (ad
1957 939 2336 1000 tentandum
2359 938 2560 1000 facere
2589 947 2960 1021 peccatum,

616 1043 785 1122 quod
815 1064 947 1104 non
977 1046 1211 1126 potest)
1241 1049 1343 1119 20,
1376 1051 1436 1105 4.
1490 1045 1672 1111 Quae
1703 1044 1903 1105 forma
1932 1043 2166 1125 legitur
2197 1042 2388 1105 etiam
2419 1053 2565 1125 post
2594 1042 2968 1125 subjectum

615 1144 922 1208 inchoans
955 1148 1369 1210 sententiam:
1411 1155 1467 1210 te
1496 1170 1584 1210 na
1611 1147 1819 1232 yllytk
1850 1147 2144 1210 omwetke
2169 1146 2269 1225 (tu
2300 1169 2432 1210 non
2461 1159 2640 1231 potes
2672 1150 2957 1228 cavere),

616 1251 697 1333 qf
713 1274 799 1313 na
822 1252 1044 1335 qaffas
1070 1253 1232 1336 (ipse
1261 1275 1393 1316 non
1416 1253 1684 1328 invenit,
1715 1256 2000 1333 causam)
2027 1255 2104 1315 P.
2142 1258 2243 1329 20,
2278 1260 2335 1314 3.
2376 1260 2515 1329 116,
2547 1261 2608 1329 4,
2640 1252 2964 1334 siquidem

614 1355 770 1418 haec
822 1369 989 1418 recte
1040 1358 1346 1442 impressa
1397 1369 1549 1420 sunt
1601 1358 1670 1420 in
1722 1358 1880 1421 libro
1925 1360 2250 1421 mendoso.
2328 1359 2501 1422 Ante
2546 1358 2791 1420 vocales
2837 1380 2962 1441 pro

615 1462 853 1525 cambr.
889 1472 1003 1525 nat
1045 1463 1290 1525 cornice
1333 1474 1429 1524 est
1460 1463 1683 1525 NAG:
1737 1462 1867 1547 kyn
1896 1485 2023 1547 naq
2054 1463 2165 1549 off
2178 1465 2298 1527 den
2329 1464 2610 1548 skentyll
2636 1463 2962 1546 (quamvis

613 1587 746 1629 non
786 1590 929 1630 sum
972 1567 1161 1630 homo
1208 1567 1480 1650 sapiens,
1517 1567 1751 1649 dicam)
1785 1570 1965 1631 Pass.
2006 1576 2065 1645 8,
2109 1577 2164 1631 1.
2210 1591 2477 1654 qen-sons
2525 1570 2734 1654 cusyll
2756 1592 2890 1653 naq
2923 1592 2963 1630 ο

612 1693 722 1735 vas
755 1674 1087 1754 <ceperunt
1118 1672 1476 1748 consilium,
1512 1672 1684 1755 quod
1714 1692 1845 1735 non
1877 1684 2042 1736 esset
2071 1675 2338 1755 bonum)
2377 1681 2477 1750 31,
2517 1682 2577 1737 3.

782 1777 1236 1840 Armorica:
1276 1777 1405 1840 euit
1432 1800 1599 1839 vncm
1630 1799 1715 1839 na
1746 1779 1897 1862 day,
1914 1779 2263 1859 palamour
2292 1802 2520 1843 sascun
2553 1782 2639 1844 da
2670 1802 2838 1843 vnan
2865 1803 2956 1843 na

612 1883 741 1966 day
775 1884 1056 1965 (propter
1086 1881 1384 1964 aliquem,
1422 1881 1531 1965 qui
1561 1903 1694 1943 non
1725 1883 1929 1965 venit)
1957 1884 2127 1946 Buh.
2161 1891 2220 1960 4,
2254 1889 2352 1946 20.
2389 1892 2448 1961 6,
2486 1892 2584 1947 10.
2621 1892 2719 1947 11.
2769 1884 2952 1947 Ante

613 1987 861 2049 vocales
906 1987 1062 2049 item
1092 1988 1307 2050 NAC:
1345 2010 1549 2069 perae
1588 1987 1845 2071 quirion
1882 2010 1968 2050 na
1998 2011 2323 2051 sarmonez
2352 2013 2473 2052 nac
2503 2012 2761 2071 ouzomp
2788 2012 2957 2073 quer

611 2114 689 2154 ne
722 2093 960 2154 lenerez
985 2094 1174 2173 (quae
1207 2114 1417 2167 causa,
1449 2094 1620 2174 quod
1649 2115 1778 2155 non
1810 2092 2005 2154 libere
2037 2095 2493 2170 sermocinatis,
2525 2106 2588 2156 et
2620 2097 2790 2177 quod
2817 2117 2956 2157 non

614 2196 797 2258 nobis
843 2198 1109 2258 verbum
1149 2195 1344 2257 dicis?
1391 2197 1500 2259 ubi
1544 2221 1623 2260 ne
1666 2209 1814 2259 ante
1859 2198 2098 2260 Zeuerez
2140 2199 2459 2282 superflue
2499 2222 2718 2263 versus
2757 2222 2956 2264 causa

611 2301 862 2364 videtur
893 2302 1210 2383 additum)
1244 2301 1416 2363 Buh.
1457 2309 1559 2377 56,
1601 2308 1659 2364 8.
1699 2309 1758 2364 9.

788 2413 846 2468 3.
898 2406 1277 2489 Negationis
1309 2405 1706 2490 prohibentis
1736 2405 2051 2491 particula
2080 2430 2213 2474 non
2244 2408 2475 2471 differt.
2527 2411 2579 2472 C
2598 2408 2956 2471 ambrica

611 2511 681 2572 in
727 2512 1044 2575 sententia
1087 2511 1324 2574 directa
1353 2512 1502 2586 NA,
1540 2522 1689 2574 ante
1733 2512 1980 2575 vocales
2011 2513 2227 2576 NAC:
2278 2536 2364 2576 na
2405 2515 2516 2576 dos
2559 2513 2779 2576 ditheu
2817 2535 2952 2598 yny

606 2618 807 2702 quyl
842 2618 925 2701 ef
953 2620 1061 2699 (ne
1104 2641 1208 2680 038
1253 2616 1324 2679 in
1363 2615 1759 2679 vicinitatem
1804 2616 1964 2700 ejus,
2014 2617 2246 2701 equitis
2267 2619 2314 2701 ἒ)
2349 2620 2525 2681 Mab.
2571 2628 2626 2694 1,
2665 2625 2813 2710 248.
2864 2642 2953 2681 na

611 2723 852 2807 cheryd
887 2723 961 2785 ui
1000 2746 1085 2806 ny
1131 2724 1376 2807 wydwn
1423 2720 1452 2781 i
1485 2721 1702 2805 kynny
1737 2724 1845 2802 (ne
1875 2723 2144 2786 maledic
2174 2723 2367 2786 mihi!
2404 2723 2767 2786 nesciebam
2798 2723 2950 2804 hoc)

619 2836 675 2902 1,
720 2834 864 2889 287.
916 2827 1160 2911 kyrcku
1189 2851 1231 2912 y
1266 2826 1708 2910 llamkystaen.
1772 2828 1885 2889 Na
1919 2827 2152 2912 chyrch
2183 2828 2297 2891 heb
2325 2851 2367 2912 y
2393 2828 2642 2912 qereint
2673 2832 2952 2910 (sumere

609 2931 845 3007 nisum,
883 2932 1090 3013 coepit
1134 2954 1347 3014 equeS.
1413 2932 1516 2993 Ne
1562 2931 1777 2992 sume!
1830 2931 1993 2995 dixit
2026 2933 2144 3013 G.)
2179 2938 2239 3008 2,
2282 2939 2384 2994 16.
2434 2955 2557 2995 nac
2593 2932 2957 3016 ymchoeldi

535 3115 541 3121 .
608 3036 973 3120 dracheuyn
1007 3039 1116 3116 (ne
1145 3037 1458 3098 invertere
1488 3045 1655 3098 retro
1678 3036 1726 3117 !)
1763 3041 1824 3111 2,
1864 3043 1965 3098 36.

780 3141 1029 3204 Poterit
1070 3140 1270 3204 videri
1309 3161 1516 3224 posse,
1564 3150 1640 3202 ut
1684 3140 1754 3202 in
1797 3140 2121 3204 hibernica
2162 3140 2384 3228 lingua
2424 3151 2699 3217 vetusta,
2754 3142 2951 3205 etiam

608 3245 892 3308 obtinere
934 3248 999 3311 N
1001 3248 1087 3322 Y,
1125 3268 1181 3307 e.
1216 3268 1311 3328 gr.
1339 3268 1353 3307 ε
1402 3268 1488 3329 ny
1534 3246 1607 3308 bo
1643 3267 1924 3329 qressaw
1959 3247 2100 3308 duw
2131 3246 2367 3330 wrthyt
2396 3249 2505 3328 (ne
2537 3247 2622 3309 sit
2646 3248 2951 3310 salutatio

607 3351 710 3414 dei
751 3352 870 3413 tibi
891 3352 939 3433 l)
973 3352 1149 3421 Mab.
1191 3359 1262 3427 1,
1302 3356 1447 3427 292,
1494 3351 1622 3414 nisi
1658 3361 1756 3413 est
1798 3352 2176 3413 statuendus
2222 3372 2445 3414 sensus
2486 3350 2821 3415 indicativi
2850 3353 2950 3414 fu·-

608 3456 770 3519 turi:
807 3478 938 3520 non
969 3457 1110 3532 erit,
1147 3478 1279 3520 non
1308 3456 1521 3519 fuerit.

779 3562 1153 3624 Cornica:
1203 3583 1290 3624 na
1320 3582 1456 3623 wra
1485 3585 1614 3646 ηας]
1645 3583 1786 3645 moy
1803 3560 2020 3642 peqka
2053 3562 2162 3640 (ne
2193 3559 2384 3622 facias
2416 3559 2694 3642 amplius
2725 3582 2948 3643 pecca-

610 3677 750 3729 tum
768 3666 816 3747 ἒ)
849 3668 1029 3729 Pass.
1071 3672 1172 3742 34,
1211 3674 1271 3727 4.
1322 3689 1408 3728 na
1452 3688 1525 3728 as
1573 3674 1743 3748 &roy-3
1789 3687 1874 3726 na
1921 3664 2196 3750 leyffna
2222 3686 2295 3726 vo
2319 3665 2546 3749 qolkys
2579 3667 2689 3745 (ne
2720 3665 2950 3728 omitte

603 3772 833 3853 pedem
871 3772 973 3834 vel
1012 3792 1298 3846 manum,
1335 3769 1678 3853 quominus
1723 3768 1807 3831 sit
1848 3770 2083 3850 lavata)
2118 3776 2223 3844 46,
2262 3776 2323 3832 4.
2389 3769 2804 3852 Conjicienda
2849 3781 2951 3833 est

605 3876 808 3940 forma
836 3877 902 3940 N
903 3878 1030 3941 AG
1060 3887 1209 3939 ante
1239 3875 1509 3951 vocales,
1543 3873 1730 3956 eujus
1761 3875 2130 3957 exemplum
2158 3895 2290 3937 non
2320 3873 2469 3957 legi.
2733 3949 2736 3950 γ

776 3981 1233 4044 Armorica:
1279 4003 1366 4061 na
1402 3978 1539 4063 qrit
1577 3979 1695 4063 ἀι]
1727 3979 1941 4063 caffou
1985 4001 2073 4042 na
2115 4001 2393 4042 saouzan
2426 3981 2535 4058 (110
2565 3977 2754 4041 facite
2784 3978 2951 4041 mihi

605 4109 787 4150 011138
830 4088 932 4149 vel
975 4087 1283 4167 dolorem)
1317 4084 1488 4147 Buh.
1530 4090 1632 4160 38,
1673 4090 1775 4146 21.
1827 4086 1976 4148 decet
2014 4107 2102 4147 na
2144 4085 2352 4147 tardet
2378 4105 2527 4168 may
2561 4083 2826 4164 (venite,
2863 4105 2948 4146 ne

609 4194 851 4256 tardate
893 4191 1194 4275 amplius)
1232 4199 1261 4252 7
1274 4197 1333 4266 6,
1374 4197 1433 4251 6.
1498 4190 1562 4251 N
1568 4210 1653 4252 on
1683 4189 1894 4252 differt
1922 4188 2124 4252 forma
2153 4199 2303 4251 ante
2333 4188 2614 4251 vocales:
2662 4210 2751 4250 na
2780 4185 2947 4252 chan

504 4333 509 4338 ’
606 4308 752 4382 quet
781 4300 889 4379 (ne
921 4296 1197 4377 tarda!),
1231 4318 1319 4359 na
1349 4315 1519 4358 esma
1549 4303 1698 4378 quet
1727 4297 1836 4376 (ne
1869 4293 2023 4356 time
2044 4293 2093 4376 1)
2124 4293 2297 4356 Buh.
2337 4300 2406 4369 4,
2439 4299 2497 4356 2.
2542 4299 2686 4368 146,
2727 4299 2789 4356 6.

779 4413 840 4466 4.
891 4391 1183 4485 Νο33110
1206 4399 1550 4484 prohibens
1594 4400 1941 4463 indirectae
1972 4398 2327 4462 sententiae
2357 4398 2667 4463 cambrice
2698 4397 2945 4480 signifi·
