3150 5242
744 394 868 456 IV.
907 400 968 456 3.
1030 413 1563 458 comuNchNEs
1594 414 2068 459 BRITAchAn.
2105 394 2115 411 ”
2451 393 2576 456 699

228 561 320 623 L.
366 562 568 623 Land.
607 566 755 622 247.
817 562 947 645 hyn
986 562 1111 624 bod
1143 561 1382 624 achan-5
1419 564 1595 646 ydau
1640 563 1768 645 aky
1800 565 2170 645 (antequam
2206 584 2342 626 rem
2382 562 2577 626 habet

223 666 386 748 ipse
414 687 559 728 cum
588 668 690 748 ea)
722 667 880 749 Leg.
920 671 987 728 2:
1016 674 1080 728 4.
1119 673 1180 728 9.
1232 666 1483 751 achynn
1514 670 1809 752 eudyuot.
1851 717 1866 731 .
1899 670 2127 753 ydoetk
2157 691 2245 731 un
2276 671 2368 749 (et
2397 678 2574 730 ante·

222 792 443 853 quam
469 770 781 846 venirent,
818 781 965 834 ante
995 793 1212 833 eorum
1242 774 1589 834 adventum
1617 773 1750 835 ibat
1780 774 2036 855 aliquis)
2069 776 2245 836 Mab.
2284 779 2345 848 2,
2379 779 2482 834 23.

421 876 760 938 GWEDY
789 878 1211 958 (postquam):
1254 879 1478 959 qwedy
1517 900 1606 940 na
1634 878 1860 940 welont
1886 877 2029 961 ἠως]
2060 879 2222 961 dydi
2251 881 2422 941 drwc
2449 879 2579 961 vyd

216 988 513 1063 yantunt
539 982 904 1061 (postquam
945 1001 1079 1042 non
1122 980 1397 1044 viderint
1438 993 1521 1058 te,
1557 1005 1818 1065 aegrum
1847 982 1966 1045 erit
1996 983 2113 1064 eis)
2147 985 2324 1046 Mab.
2368 991 2424 1058 1,
2466 990 2567 1045 14.

225 1087 406 1148 Cum
437 1084 762 1146 infinitivo
791 1084 994 1147 verbi:
1027 1087 1251 1169 ywedy
1266 1085 1376 1168 ffo
1403 1109 1447 1169 y
1481 1089 1710 1150 lluoed.
1745 1097 1959 1172 mynet
1986 1087 2215 1150 arthur
2241 1111 2370 1172 yny
2403 1089 2573 1170 llony

228 1193 610 1274 (postquam
638 1189 935 1271 fugerant
964 1190 1203 1272 copiae,
1232 1190 1323 1253 ire
1352 1192 1435 1253 A.
1471 1193 1550 1254 ad
1580 1197 1836 1273 navem)
1869 1195 2047 1255 Mab.
2078 1199 2138 1269 2,
2173 1198 2316 1255 240.
2348 1194 2571 1275 ywedy

230 1296 379 1358 llad
415 1319 461 1380 y
497 1316 685 1378 ywyr
713 1294 930 1378 hynny
958 1317 1001 1379 y
1040 1296 1224 1359 rodes
1256 1298 1621 1379 (postquam
1650 1297 1966 1359 occiderat
1995 1297 2160 1359 viros
2189 1297 2329 1373 hos,
2368 1296 2570 1376 dedit)

232 1407 299 1478 2,
340 1406 488 1463 243.

408 1504 724 1573 Quamvis
765 1525 897 1568 non
942 1514 1040 1569 est
1079 1503 1247 1568 inter
1273 1505 1793 1588 praepositioneS,
1828 1517 2174 1588 usurpatur
2203 1517 2276 1569 ut
2306 1505 2444 1587 conj
2451 1528 2569 1567 un-

227 1612 360 1677 ctio
415 1622 482 1674 et
536 1622 634 1673 est
684 1610 967 1693 ejusdem
1009 1609 1497 1673 constructionis
1545 1632 1692 1672 cum
1733 1611 2053 1675 infinitivo
2092 1633 2216 1674 vox
2261 1610 2573 1673 cambrica

223 1718 407 1780 NES
459 1719 685 1798 (prope
739 1714 945 1796 quod?
998 1714 1043 1776 i.
1096 1736 1151 1777 e.
1200 1717 1397 1777 donec
1417 1762 1436 1789 ‚
1480 1715 1641 1789 nisi;
1692 1716 1772 1777 cf.
1821 1738 1967 1792 neS,
2018 1718 2242 1800 nesaf,
2290 1714 2566 1799 propior,

225 1819 593 1904 proximus,
630 1841 696 1901 p.
736 1822 920 1901 306):
962 1828 1368 1904 mynvyycret
1392 1841 1477 1901 ny
1509 1817 1794 1903 ckysqaf
1810 1819 1940 1882 hun
1973 1821 2171 1904 lonyd
2193 1843 2301 1884 nes
2326 1820 2576 1902 qubot

227 1926 534 2010 chwedyl
560 1927 699 2008 (per
740 1927 932 1987 fidem
961 1946 1191 2000 meam,
1226 1946 1358 1987 non
1390 1925 1696 1987 dormiam
1727 1945 2021 1988 somnum
2051 1928 2337 2007 plenum,
2372 1926 2572 1987 donec

228 2030 434 2094 sciam
464 2030 798 2111 nuntium)
832 2032 1009 2093 Mab.
1052 2038 1109 2105 1,
1143 2036 1288 2092 284.
1323 2051 1431 2091 nes
1462 2031 1659 2113 dyuot
1678 2029 2009 2112 yilennkin
2039 2030 2308 2093 urenkin
2323 2029 2574 2113 ffreinc

226 2157 317 2219 ny
348 2134 527 2197 helir
558 2135 753 2197 twrck
787 2134 1015 2218 trwyth
1042 2135 1192 2218 vytk
1216 2133 1478 2196 hebdaw
1504 2135 1731 2214 (donec
1753 2134 1966 2196 veniet
1990 2135 2074 2197 G.
2103 2156 2216 2197 rex
2238 2133 2564 2208 Franciae,

226 2260 371 2301 non
414 2238 705 2320 capietur
732 2240 810 2301 T.
846 2240 925 2300 Τ.
961 2239 1097 2301 sine
1140 2260 1212 2300 eo
1257 2241 1664 2320 unquam)·2,
1705 2242 1849 2299 226.
1899 2246 2014 2321 nyt
2055 2239 2323 2302 aruaetk
2366 2238 2577 2321 kaffel

227 2343 494 2426 lquritk
538 2365 581 2427 y
628 2343 806 2423 bawp
846 2365 955 2405 nes
996 2342 1210 2425 kaffel
1235 2342 1459 2406 bathen
1486 2343 1719 2405 rinnon
1751 2346 1909 2424 (non
1939 2353 2148 2425 potest
2177 2343 2319 2426 capi
2347 2344 2445 2404 lac
2474 2365 2568 2404 re-

227 2470 390 2511 cens
435 2447 662 2523 cuiviS,
698 2447 825 2509 nisi
860 2457 1195 2510 sumantur
1222 2447 1487 2530 lagenae
1517 2450 1638 2529 R.)
1673 2452 1732 2523 2,
1771 2452 1916 2508 225.
1965 2470 2049 2530 ny
2082 2448 2314 2530 chef-fir
2344 2448 2567 2509 mabon

226 2553 399 2639 uytk
429 2574 541 2615 nes
588 2552 788 2636 caffll
812 2551 1016 2614 eidoel
1039 2554 1199 2633 (non
1228 2551 1587 2615 invenietur
1617 2555 1712 2616 M.
1749 2574 2055 2636 unquam,
2089 2552 2217 2615 nisi
2244 2552 2570 2615 invenitur

225 2661 351 2741 E.)
391 2664 451 2735 2,
494 2664 640 2719 226.
1087 2653 1100 2661 ·

409 2763 540 2825 His
564 2761 1118 2844 conjunctionibus
1143 2762 1334 2826 etiam
1356 2764 1832 2826 adnumeranda
1848 2761 2100 2824 videtur
2114 2763 2347 2824 cambr.
2370 2763 2499 2825 YN
2505 2763 2568 2824 Y

230 2871 470 2951 (donec
485 2891 504 2943 3
542 2878 616 2930 ut
654 2869 797 2930 adv.
831 2890 976 2951 yno,
1013 2867 1123 2944 ibi,
1160 2890 1194 2929 e
1235 2891 1450 2951 praep.
1484 2871 1635 2950 yn):
1685 2866 2164 2949 aeyolchassant
2203 2888 2332 2949 yny
2375 2874 2568 2949 yttoe-

231 2976 400 3058 dynt
420 2981 759 3055 yynwynet
786 2993 865 3034 ar
895 2972 1026 3035 dim
1040 2974 1369 3057 'qunnaf
1388 2975 1480 3052 (et
1501 2995 1575 3035 ea
1597 2972 1913 3050 lavarunt,
1943 2994 2138 3047 arma,
2168 2973 2366 3033 donec
2391 2981 2571 3036 erant

232 3100 440 3162 aeque
483 3078 627 3139 alba
670 3099 742 3138 ac
771 3099 868 3139 res
898 3077 1173 3139 maxime
1204 3078 1374 3159 alba)
1407 3080 1583 3140 Mab.
1626 3085 1683 3153 1,
1723 3085 1783 3138 4.
1830 3078 2051 3161 kymer
2077 3099 2119 3160 y
2134 3075 2332 3158 fford
2356 3076 2562 3138 uckot.

230 3206 369 3269 yny
420 3181 647 3265 delyck
696 3203 777 3265 yr
818 3182 961 3246 koet
1001 3185 1209 3265 (sume
1254 3182 1423 3245 viam
1466 3202 1752 3258 sursum,
1802 3183 2001 3244 donec
2045 3182 2290 3244 veneris
2335 3183 2416 3244 ad
2460 3181 2565 3245 sil-

230 3291 413 3370 vam)
452 3295 507 3363 1,
549 3294 608 3349 6.

411 3391 716 3456 Comicae
741 3403 805 3455 et
826 3392 1164 3455 armoricae
1189 3402 1339 3458 sunt
1361 3390 1689 3474 pauciores
1713 3391 2205 3473 praepositiones
2231 3395 2562 3475 quaedam,

230 3520 401 3580 quae
432 3498 816 3559 adhibentur
842 3508 918 3558 ut
946 3496 1447 3577 conjunctiones,

412 3602 831 3664 Cornicae.
894 3603 953 3664 A
997 3604 1259 3682 (cambr.
1308 3603 1369 3679 o)
1411 3599 1889 3663 conditionalis:
1949 3624 1990 3664 a
2026 3623 2117 3682 pe
2159 3623 2245 3684 yn
2292 3601 2461 3663 della
2499 3623 2570 3663 ve

230 3706 448 3790 nqffre
489 3729 574 3790 ny
615 3727 770 3768 vean
783 3705 1014 3789 fethys
1046 3705 1129 3786 (si
1157 3706 1248 3768 ita
1277 3716 1463 3782 esset,
1500 3728 1835 3787 nunquam
1866 3717 2088 3788 captus
2120 3709 2347 3788 essem)
2379 3707 2560 3768 Pass.

238 3818 346 3887 73,
388 3817 446 3872 1.
496 3833 536 3872 α
562 3832 654 3891 pe
698 3833 790 3872 ow
831 3810 972 3873 thus
1019 3811 1217 3894 thewy
1262 3811 1765 3895 nymdelyrsens
1793 3834 1880 3894 yn
1912 3812 2118 3873 delma
2151 3812 2234 3892 (si
2264 3822 2428 3874 esset
2455 3833 2566 3894 po-

231 3916 432 3999 pulus
476 3936 683 3991 meuS,
716 3915 878 3976 mihi
921 3916 1218 3998 populus,
1254 3939 1386 3979 non
1429 3916 1836 3979 tradidissent
1863 3939 1965 3979 me
1994 3917 2170 3979 vobis
2201 3917 2322 3978 hoc
2351 3917 2565 3996 modo)

239 4026 384 4096 102,
426 4025 485 4083 2.
550 4021 720 4082 Cum
763 4020 1135 4102 negatione:
1184 4044 1269 4083 an
1312 4043 1383 4083 ve
1426 4023 1529 4083 bos
1553 4022 1708 4105 fals
1747 4044 1832 4083 an
1878 4023 2107 4084 denma
2148 4045 2278 4107 nyn
2310 4023 2567 4105 drossen

230 4147 321 4209 ny
363 4126 474 4209 bys
518 4125 667 4186 deso
700 4124 782 4205 (si
812 4147 942 4187 non
974 4135 1138 4188 esset
1168 4126 1363 4188 falsus
1394 4126 1500 4187 hic
1529 4126 1646 4202 vir,
1682 4148 1813 4188 non
1845 4127 2275 4190 attulissemus
2308 4149 2454 4189 eum
2484 4128 2566 4187 ad

230 4242 293 4294 te
304 4255 324 4307 3
360 4263 449 4284 =
477 4254 519 4293 a
552 4250 713 4291 nave
744 4229 847 4291 bos
860 4230 1033 4312 fals,
1072 4230 1125 4291 si
1155 4251 1285 4292 non
1316 4242 1480 4293 esset
1509 4252 1646 4293 esse
1676 4221 1934 4313 falsum)
1971 4239 2074 4307 99,
2114 4236 2172 4292 2.

394 4335 592 4400 DRE
626 4335 871 4414 (dum):
922 4336 1036 4397 dre
1078 4357 1225 4398 vons
1254 4358 1296 4418 y
1327 4358 1418 4397 ow
1434 4336 1698 4419 plentye
1725 4338 1916 4399 Jesus
1944 4358 2030 4419 yn
2063 4337 2212 4397 dore
2240 4356 2281 4396 a
2309 4332 2566 4415 scryfas

223 4447 407 4528 (dum
448 4441 843 4505 accusabant
883 4439 952 4516 ii,
987 4443 1026 4503 J
1032 4463 1174 4504 esus
1218 4442 1288 4504 in
1333 4441 1538 4505 solum
1585 4441 1922 4523 scribebat)
1955 4442 2033 4503 P.
2073 4446 2178 4514 33,
2216 4446 2275 4499 3.
2340 4439 2569 4499 Forma
