3150 5242
577 388 703 451 628
1064 391 1182 452 IV.
1223 395 1281 450 2.
1341 409 1902 451 PRAEPOSITIONES
1933 407 2404 451 Bm'rANNchE.

579 558 777 620 latine
820 556 1177 632 invenitur,
1226 557 1296 619 in
1340 557 1560 639 paucis
1604 557 1918 633 differens,
1967 556 2036 619 in
2079 558 2300 619 eodem
2340 557 2726 619 chartulario
2769 560 2904 639 (ap.

580 664 804 726 CourS.
862 671 918 739 1,
968 685 1033 724 n.
1088 667 1232 744 41):
1283 684 1448 743 pars
1488 662 1810 724 Rz‘antcar
1862 685 2023 744 quae
2077 671 2170 725 est
2209 685 2249 723 a
2282 662 2431 744 fine
2474 664 2630 724 Rau
2676 662 2909 724 Melan

581 769 671 829 ad
706 767 984 843 rocham,
1032 789 1072 828 a
1111 767 1306 829 rocha
1337 768 1426 829 ad
1434 768 1764 850 fossatam
1794 770 2095 843 Matwor,
2132 789 2172 828 a
2184 763 2447 849 fossata
2478 750 2570 830 ad
2593 767 2829 847 ripam,
2868 789 2910 828 a

579 871 726 952 rapa
743 894 869 952 per
900 873 1159 935 landam
1190 875 1280 935 ad
1284 873 1494 956 finem
1526 874 1678 934 Rau
1710 872 1971 954 Dffw,
2007 872 2569 955 secundumfinem
2593 874 2750 933 Rau
2772 874 2909 933 Do-

581 975 729 1038 kion
775 986 835 1039 et
872 977 1059 1040 sortis
1108 978 1427 1039 Sulwoion
1474 1000 1667 1060 usque
1690 976 1901 1059 finem
1942 978 2096 1038 Ran
2119 976 2526 1052 Haelmorin,
2549 999 2677 1059 per
2696 977 2909 1059 finem

563 1081 976 1163 fossatellam
1021 1104 1214 1163 usque
1257 1084 1347 1145 ad
1371 1083 1630 1145 rubram
1643 1082 1993 1164 fossatam,
2017 1102 2143 1162 per
2170 1081 2430 1143 rubram
2443 1082 2774 1164 fossatam
2805 1103 2909 1143 us-

581 1208 699 1268 que
728 1188 820 1247 ad
831 1194 1089 1267 pontem
1120 1187 1452 1250 Loutinoc.
2263 1170 2268 1173 ⁷
2598 1257 2606 1263 ,

756 1292 854 1353 Ex
893 1291 1012 1353 hac
1057 1313 1308 1374 quoque
1346 1292 1810 1376 praepositione
1855 1292 1957 1367 do,
1996 1291 2068 1354 di
2104 1291 2173 1353 in
2218 1290 2568 1379 recentiore·
2594 1290 2911 1354 cambrica

583 1395 826 1478 lingua,
864 1396 1225 1459 excutiente
1257 1399 1321 1473 d,
1359 1398 1559 1460 forma
1591 1398 1656 1459 Y
1684 1396 1939 1480 prodiit,
1977 1418 2124 1457 cum
2154 1397 2420 1460 articulo
2450 1399 2601 1472 YR,
2640 1419 2697 1457 e.
2734 1418 2831 1478 gr.
2868 1418 2907 1478 3]

580 1500 688 1583 qei
715 1500 948 1583 (Cajo),
982 1523 1063 1586 yr
1102 1503 1315 1564 neuad
1341 1504 1449 1584 (ad
1493 1503 1756 1583 aulam),
1792 1523 1872 1586 yr
1907 1502 2094 1584 qeqin
2127 1504 2234 1582 (ad
2279 1502 2609 1589 culinam),
2646 1501 2718 1562 in
2749 1503 2905 1583 Leg.

585 1618 649 1669 et
680 1609 855 1669 Mab.
893 1607 1457 1689 frequentissimae.
1523 1608 1616 1669 Ut
1654 1629 1799 1669 cum
1838 1607 2106 1669 articulo
2149 1607 2302 1669 item
2340 1606 2466 1669 coit
2508 1629 2653 1668 cum
2683 1627 2911 1690 prono-

586 1712 865 1774 minibus
904 1711 1155 1774 infixis:
1200 1734 1383 1795 ywyr
1424 1734 1523 1796 yw
1563 1720 1768 1796 ymtat
1795 1709 1824 1772 i
1849 1711 1942 1774 oll
1966 1714 2146 1792 (sunt
2173 1711 2293 1774 viri
2321 1711 2488 1793 patri
2515 1733 2679 1787 meo,
2714 1711 2911 1793 patris

588 1816 746 1891 mei,
795 1819 1040 1897 omnes)
1086 1818 1262 1880 Mab.
1308 1823 1373 1892 1,
1414 1823 1558 1879 264.
1616 1816 2198 1901 ythdikennydyaw
2243 1818 2351 1898 (ad
2408 1827 2471 1880 te
2528 1817 2910 1880 interficien-

589 1923 796 2003 dum),
831 1921 1136 2003 ynporthi
1172 1921 1245 1984 ni
1273 1923 1380 2001 (ad
1416 1944 1532 1984 nos
1561 1921 1962 2002 nutriendos)
1995 1924 2169 1984 Mab.
2212 1930 2269 1997 1,
2312 1929 2412 1983 14.
2453 1928 2597 1983 252.
2663 1924 2766 1985 De
2794 1923 2912 1984 hac

587 2050 628 2110 3]
669 2028 972 2088 redeunte
1017 2024 1083 2085 in
1132 2048 1164 2088 o
1223 2026 1291 2087 in
1345 2027 1793 2109 conjunctione
1834 2048 1981 2088 cum
2035 2026 2407 2109 pronomine
2450 2027 2808 2109 possessivo
2848 2034 2905 2088 3.

588 2153 754 2213 perS.
793 2131 958 2212 sing.
995 2130 1238 2192 dictum
1266 2153 1458 2213 supra
1489 2135 1582 2213 (p.
1623 2136 1797 2213 396).

763 2237 817 2298 Ε
880 2235 1364 2317 praepositionis
1432 2237 1838 2298 coalescentis
1906 2259 2053 2299 cum
2118 2236 2599 2319 pronominibus
2665 2237 2912 2299 suffixis

593 2340 897 2423 exemplis
940 2341 1462 2423 frequentissimis
1506 2343 1838 2423 quaedam.
1906 2341 2087 2424 Sing.
2130 2351 2155 2403 1
2173 2390 2186 2404 .
2222 2364 2428 2426 pers:
2486 2344 2605 2405 deu
2644 2343 2771 2404 aab
2804 2342 2917 2404 oed

594 2446 680 2510 im
726 2448 880 2527 (duo
924 2447 1041 2509 filii
1085 2458 1265 2509 erant
1310 2447 1499 2527 mihi)
1532 2449 1707 2509 Mab.
1751 2455 1776 2507 1
1802 2495 1822 2522 ,
1863 2454 1964 2509 33.
2015 2469 2152 2509 cam
2197 2469 2313 2531 nys
2352 2469 2550 2530 qoruc
2587 2468 2693 2531 φη
2738 2447 2915 2527 (mali

594 2552 835 2636 aliquid
878 2574 1008 2614 non
1052 2552 1201 2614 fecit
1243 2551 1430 2633 mihi)
1460 2542 1525 2628 ‘1,
1566 2557 1710 2613 240.
1760 2573 1961 2615 mawr
2000 2574 2043 2636 3]
2074 2555 2346 2637 dywawt
2370 2575 2411 2638 3]
2440 2574 2579 2636 qwr
2608 2552 2725 2615 imi
2750 2575 2792 2638 3]
2821 2561 2920 2615 vot

598 2660 682 2744 ef
699 2662 1032 2742 (magnum
1073 2680 1207 2723 esse
1251 2658 1457 2721 virum
1487 2657 1732 2720 dictum
1761 2670 1858 2721 est
1885 2658 2072 2739 mihi)
2112 2666 2167 2734 1,
2207 2666 2266 2720 7.
2313 2681 2355 2743 3]
2389 2659 2826 2742 kyuarchawd
2850 2659 2929 2743 ef

597 2766 746 2827 well
767 2764 905 2848 ymi
934 2765 1122 2844 (bene
1154 2763 1503 2825 collocutus
1535 2774 1631 2825 est
1659 2763 1841 2839 mihi,
1872 2763 2171 2827 salutavit
2199 2767 2328 2845 me)
2366 2772 2423 2840 1,
2455 2772 2514 2826 4.
2549 2787 2591 2847 3]
2623 2767 2920 2849 medyant

598 2871 798 2953 yssyd
814 2892 855 2952 3]
882 2867 974 2929 mi
994 2871 1297 2950 (potestas
1321 2889 1481 2949 quae
1506 2879 1601 2931 est
1623 2868 1812 2949 mihi)
1845 2876 1900 2945 1,
1924 2877 1982 2931 7.
2029 2876 2088 2931 2.
2109 2891 2273 2951 perS.
2297 2891 2311 2930 :
2344 2868 2442 2930 bei
2460 2868 2918 2953 nathybyckwn

599 2976 795 3059 ἄρτιοι
828 2973 1098 3055 qormod
1134 2994 1166 3034 o
1207 2981 1350 3036 ovat
1392 2972 1490 3035 itt.
1540 2972 1634 3035 mi
1673 2996 2028 3057 auanaqwn
2070 2975 2150 3037 itt
2178 2974 2260 3056 (si
2289 2996 2420 3037 non
2451 2974 2791 3056 cogitarem
2818 2995 2918 3035 ve-

601 3079 738 3140 nire
778 3076 1052 3170 nimium
1095 3077 1416 3140 horrorem
1458 3077 1612 3153 tibi,
1663 3100 1778 3160 ego
1819 3063 2102 3140 dicerem*
2134 3079 2278 3159 tibi)
2311 3080 2486 3141 Mab.
2530 3085 2585 3153 1,
2626 3085 2685 3141 5.
2735 3079 2921 3141 diheu

601 3185 720 3245 oed
757 3181 836 3245 iti
869 3180 977 3263 qei
1004 3184 1403 3265 (persuasum
1443 3193 1610 3245 esset
1655 3183 1792 3258 tibi,
1829 3183 1972 3264 cai)
2010 3191 2035 3243 1
2060 3230 2080 3258 ,
2120 3190 2180 3245 5.
2230 3182 2305 3244 ni
2342 3205 2417 3246 ae
2458 3184 2784 3267 dywedwn
2824 3183 2925 3247 itti

604 3291 747 3369 (nos
790 3287 1140 3351 diceremus
1187 3287 1303 3350 tibi
1347 3309 1509 3364 eam,
1545 3286 1999 3369 narrationem)
2039 3295 2094 3363 1,
2136 3292 2194 3350 2.
2245 3288 2373 3372 hyn
2420 3288 2777 3372 adywedaf
2805 3287 2926 3373 ytti

599 3393 707 3477 φεῖ
734 3393 881 3474 (hoc
911 3390 1050 3454 dico
1084 3391 1219 3468 tibi,
1249 3393 1391 3475 Oai)
1426 3402 1479 3468 1,
1513 3402 1574 3455 4.
1630 3401 1688 3456 3.
1724 3415 1888 3477 pers.
1925 3416 2155 3457 masc.:
2204 3414 2287 3476 yr
2316 3393 2429 3455 neb
2461 3394 2721 3478 adylyei
2744 3403 2925 3478 vynet

602 3520 682 3583 yr
724 3499 937 3561 neuad
972 3518 1093 3559 neu
1134 3519 1216 3580 3]ν
1253 3498 1534 3580 ystauell
1573 3521 1643 3560 oe
1670 3498 1890 3582 veneqi
1914 3498 2104 3561 idaw.
2137 3520 2219 3583 yr
2247 3499 2361 3562 neb
2392 3498 2653 3583 adylyei
2680 3497 2827 3580 letty
2858 3520 2925 3559 oe

602 3601 825 3685 veneyi
852 3602 1019 3664 idaw
1053 3601 1135 3681 (si
1179 3602 1320 3683 quis
1365 3604 1632 3665 debebat
1672 3604 1763 3666 ire
1803 3604 1884 3665 ad
1929 3603 2142 3667 aulam
2183 3603 2284 3666 vel
2314 3605 2394 3665 ad
2424 3603 2811 3679 cubiculum,
2845 3604 2924 3665 ad

605 3708 670 3769 id
712 3708 1196 3770 monstrandum
1241 3706 1320 3781 ei,
1355 3707 1410 3769 si
1440 3708 1580 3789 quis
1612 3709 1879 3771 debebat
1907 3710 1986 3770 ad
2017 3703 2333 3784 conclave,
2368 3710 2448 3770 ad
2478 3708 2544 3769 id
2573 3718 2924 3769 monstran-

605 3816 761 3876 dum
791 3812 871 3888 ei,
909 3813 1124 3875 aderat
1152 3812 1493 3895 portarius)
1525 3820 1582 3887 1,
1617 3819 1673 3874 1·.
1734 3814 1946 3875 Fem.:
1982 3837 2106 3897 yno
2135 3815 2263 3898 ybu
2291 3813 2364 3876 ki
2394 3861 2408 3875 .
2445 3860 2459 3874 .
2494 3835 2622 3897 3]η3]
2654 3813 2772 3874 oed
2795 3833 2923 3874 am-

604 3939 708 3981 ser
744 3918 858 3982 'idi
898 3917 1015 3998 (ibi
1066 3927 1200 3979 erat
1251 3916 1421 3998 ipsa,
1470 3916 1826 3995 comitissa,
1875 3921 2075 3982 donec
2126 3929 2261 3982 erat
2312 3927 2562 4001 tempus
2603 3916 2688 3998 ei)
2728 3923 2782 3991 1,
2820 3921 2919 3979 20.

608 4025 786 4088 Plur.
843 4031 897 4083 1.
944 4043 1150 4105 pers.:
1204 4024 1399 4107 dyuot
1443 4022 1642 4086 tri-stit
1681 4022 1749 4086 in
1792 4023 2022 4107 aqofal
2057 4023 2299 4103 (venire
2346 4020 2602 4085 tristitia
2643 4021 2824 4083 nobis
2866 4033 2929 4085 et

606 4128 993 4208 sollicitudo)
1025 4128 1200 4189 Mab.
1245 4135 1302 4203 1,
1342 4135 1445 4190 33.
1502 4150 1579 4191 ae
1630 4151 1838 4192 amser
1887 4129 2050 4212 ynni
2095 4137 2281 4211 vynet
2329 4149 2410 4211 3]ν
2461 4127 2700 4210 byrdeu
2745 4130 2926 4207 (num

608 4247 858 4318 tempus
902 4232 1084 4296 nobis
1126 4233 1423 4296 veniendi
1467 4237 1547 4298 ad
1578 4255 1827 4297 mensas
1839 4233 1893 4314 3)
1930 4241 1987 4309 1,
2030 4241 2130 4295 11.
2185 4239 2245 4295 2.
2280 4253 2486 4315 pers:
2538 4231 2632 4293 mi
2659 4253 2733 4293 ae
2766 4232 2940 4315 talaf

552 4359 553 4362 ’
605 4338 784 4425 ywch
816 4342 973 4422 (ego
1015 4338 1080 4399 id
1124 4339 1364 4401 solvam
1408 4340 1629 4421 vobis)
1671 4348 1724 4414 1,
1765 4344 1910 4400 278.
1958 4338 2152 4419 aphei
2194 4336 2555 4422 mynnewch
2603 4335 2770 4398 chwi
2800 4385 2813 4398 .
2854 4385 2867 4399 .
2910 4386 2923 4399 .

606 4446 767 4509 micci
808 4466 991 4508 aawn
1035 4467 1077 4529 3]
1121 4443 1286 4508 chwi
1314 4444 1397 4528 (si
1425 4444 1672 4508 velletis
1702 4465 1835 4521 VOS,
1873 4464 1989 4526 ego
2023 4442 2180 4506 irem
2210 4442 2409 4519 vobis,
2445 4451 2667 4505 contra
2696 4445 2833 4523 vos)
2868 4449 2925 4507 12
