3150 5242
615 340 729 402 VI.
772 347 826 402 1.
894 360 1068 404 oRDo
1098 360 1658 405 coNSTRuc'rloNJs
1693 360 2164 405 Bm'rAchAE.
2434 340 2559 401 903

254 507 354 589 eis)
388 516 440 585 1,
482 517 578 585 14,
614 531 769 593 quae
814 510 1057 574 obtinet
1095 510 1286 579 etiam
1325 523 1470 593 post
1502 510 1657 574 alias
1689 509 2002 593 ejusmodi
2032 507 2548 591 conjunctiones:

252 634 338 677 am
377 624 488 679 nat
527 625 654 701 wyt
694 615 870 699 (quia
912 638 1043 681 non
1089 620 1221 698 es),
1268 639 1372 680 am
1415 639 1503 681 na
1545 640 1647 681 wn
1679 616 1857 700 (quia
1896 614 2136 695 nescio)
2186 621 2262 691 2,
2304 622 2404 677 10.
2448 622 2549 680 13.

249 719 386 783 wrth
412 730 524 784 nat
552 730 864 786 atwamzat
891 721 1068 803 (quia
1097 745 1227 785 non
1260 724 1730 806 cognoscebat),
1765 744 1846 807 Ψ·
1875 743 1992 783 nas
2017 720 2277 804 qwelsei
2304 724 2553 805 (quam-

248 823 327 886 vis
359 848 485 889 non
531 827 770 891 viderat
813 832 979 910 eam)
1016 834 1076 904 2,
1120 835 1218 891 12.
1261 836 1404 890 199.
1471 827 1972 911 conjunctiones
2014 839 2228 891 tamen
2265 826 2550 909 ejusdem

245 928 474 1012 originis
504 956 561 1009 0,
599 956 692 1010 or,
729 955 796 996 os
840 944 905 996 et
951 942 1053 997 tra
1084 945 1545 998 construuntur
1574 944 1650 994 ut
1677 933 2038 1016 primitivae
2069 933 2207 996 sine
2236 933 2552 1015 particula

241 1037 446 1101 verbali
474 1040 574 1103 vel
605 1062 753 1102 cum
782 1040 981 1103 forma
1010 1039 1359 1122 particulae
1390 1039 1721 1122 negativae
1753 1039 2076 1102 absoluta:
2115 1061 2187 1101 or
2217 1040 2442 1124 clywy,
2479 1061 2551 1102 or

234 1143 414 1227 ywely
439 1148 613 1226 (cum
644 1145 885 1222 audieS,
924 1144 1193 1228 videbis)
1233 1153 1288 1220 1,
1329 1151 1474 1206 238.
1511 1166 1578 1206 os
1603 1144 1839 1227 yallafi
1868 1144 1949 1224 (si
1977 1148 2264 1226 possum)
2306 1152 2361 1221 1,
2396 1151 2542 1207 256.

235 1246 387 1331 offoy
434 1250 500 1312 di
526 1250 610 1332 (si
643 1262 718 1313 tu
747 1250 969 1333 fugis),
1005 1274 1126 1336 ony
1158 1251 1368 1335 clzqffy
1401 1250 1475 1314 di
1500 1250 1644 1333 ofut
1674 1249 1753 1331 (si
1784 1272 1917 1312 non
1948 1250 2186 1333 ceperis
2216 1256 2546 1333 angorem)

238 1358 287 1427 l,
322 1359 376 1416 8.
419 1377 453 1415 0
487 1356 833 1441 dianyhaf,
870 1379 943 1419 or
974 1356 1329 1441 dianqkqfi,
1366 1356 1476 1419 oni
1503 1355 1838 1439 dianqhaf
1854 1354 2047 1418 inkea
2078 1356 2161 1437 (si
2189 1357 2457 1438 perierO,
2493 1358 2546 1421 si

230 1479 344 1521 non
383 1463 647 1545 periero)
683 1468 744 1539 2,
789 1468 885 1525 12.
932 1469 1031 1526 16.
1082 1472 1184 1526 tra
1220 1461 1523 1547 yudyych
1569 1461 1623 1525 ti
1650 1460 1985 1544 (quamdiu
2018 1472 2089 1523 tu
2119 1461 2445 1543 celaveris)
2484 1471 2540 1539 1,

234 1570 318 1626 14.
366 1569 527 1630 Cum
552 1569 636 1631 iis
667 1570 1054 1632 concordant
1080 1591 1211 1652 yny
1237 1568 1518 1649 (donec),
1532 1589 1676 1649 pan
1703 1567 2039 1650 (quando).
2091 1567 2330 1631 Contra
2353 1566 2545 1631 etiam

224 1681 352 1750 post
388 1672 777 1754 primitivam
807 1673 928 1757 pei
963 1673 1476 1739 conditionalem.
1503 1672 1793 1757 sequitur
1828 1672 2027 1736 forma
2056 1671 2406 1754 particulae
2435 1695 2544 1736 ne-

222 1775 449 1855 gativae
490 1779 755 1842 relativa
798 1802 920 1844 na.-
949 1780 1070 1861 pei
1110 1803 1197 1843 na
1243 1780 1360 1857 bei,
1383 1779 1503 1861 pei
1540 1800 1690 1843 nam
1720 1777 2102 1862 qoqanewch
2136 1782 2227 1860 (p.
2269 1782 2444 1861 689),
2481 1790 2545 1842 et

220 1892 347 1961 post
384 1884 737 1966 primitivas
782 1908 845 1961 a,
881 1909 959 1950 ao
989 1889 1133 1968 (et),
1169 1908 1273 1962 ηο,
1306 1909 1421 1949 noo
1453 1888 1702 1969 (quam)
1733 1883 2101 1948 conceditur
2142 1885 2320 1948 locus
2349 1885 2543 1968 parti-

220 1986 380 2050 culae
405 2011 471 2074 y,
506 1991 627 2075 yd,
658 1993 735 2053 fit
764 1991 962 2075 igitur
990 1991 1403 2068 constructi0‚
1440 1991 1569 2054 acsi
1599 2013 1733 2057 non
1763 1992 2077 2053 adessent.

372 2119 424 2159 e.
474 2098 559 2159 In
611 2096 759 2159 locis
800 2097 1252 2180 posterioribus
1298 2097 1652 2161 sententiae
1696 2095 2046 2159 cambricae
2077 2119 2208 2158 non
2239 2107 2448 2160 certus
2479 2109 2543 2160 et

216 2200 453 2265 strictus
498 2212 605 2265 est
652 2204 819 2279 ord0‚
857 2213 931 2265 ut
974 2226 1105 2266 non
1150 2218 1245 2266 est
1277 2203 1662 2266 hibernicae.
1729 2202 1905 2265 Solet
1939 2212 2151 2264 tamen
2181 2203 2542 2285 subjectum

215 2326 346 2368 cum
386 2308 654 2371 vocibus
697 2308 1197 2390 dependentibus
1237 2311 1611 2392 praecedere
1655 2308 1975 2391 objectum
2018 2330 2164 2370 cum
2196 2308 2363 2370 suis:
2396 2331 2540 2391 pan

216 2411 489 2495 dywettei
515 2413 749 2476 arthur
776 2434 859 2497 Ψ·
885 2415 1269 2497 ymadrawd
1289 2414 1517 2499 techas
1532 2414 1790 2498 wrtlzys
1806 2436 1878 2476 or
1901 2414 2117 2478 aallei.
2145 2437 2187 2498 y
2215 2415 2539 2497 dywedwn

210 2538 404 2600 ymzeu
448 2541 530 2603 ψ·
581 2521 940 2602 ymadrawt
976 2518 1223 2582 kwnnw
1265 2519 1632 2603 ynlzactraf
1664 2520 1900 2581 aallwn
1945 2523 2121 2600 (cum
2162 2520 2409 2582 dicebat
2450 2520 2531 2582 A.

210 2626 497 2688 nuntium
542 2625 861 2708 optimum
900 2626 1062 2688 mihi
1106 2637 1180 2689 ut
1219 2636 1488 2710 poterat,
1525 2626 1810 2688 dicebam
1858 2647 1974 2708 ego
2015 2625 2189 2687 hunc
2232 2625 2539 2688 nuntium

209 2730 463 2811 pessime
494 2742 578 2794 ut
606 2715 915 2813 poteram)
952 2736 1010 2807 2,
1053 2738 1197 2793 375.

363 2836 792 2901 Definitiones
819 2837 1119 2919 temporis
1152 2847 1218 2900 et
1245 2837 1370 2900 loci
1400 2838 1500 2899 vel
1532 2836 1694 2900 aliae
1725 2835 2239 2900 circumstantiae
2269 2837 2338 2899 in
2371 2859 2536 2899 cam-

209 2940 365 3004 brica
407 2942 735 3006 sententia
762 2942 1074 3025 positione
1103 2942 1305 3026 magis
1336 2943 1532 3007 libera
1564 2954 1789 3008 utente
1821 2941 1942 3005 sibi
1972 2942 2298 3005 interdum
2327 2942 2539 3008 locum

207 3060 463 3111 sumunt
502 3058 657 3132 post
694 3048 1005 3133 primum:
1057 3071 1133 3111 ac
1172 3072 1214 3133 y
1263 3049 1344 3111 bu
1373 3051 1636 3134 deudyd
1659 3072 1699 3112 a
1730 3051 1985 3133 dwynos
2014 3071 2103 3133 yn
2132 3048 2354 3112 kerdet
2378 3072 2537 3133 9ης]-

206 3152 393 3217 abwck
421 3156 762 3239 fforestyd
789 3157 880 3234 (et
924 3163 1057 3215 erat
1102 3156 1261 3217 duos
1307 3154 1441 3217 dies
1489 3166 1553 3218 et
1594 3156 1753 3218 duas
1781 3164 2001 3217 noctes
2031 3155 2437 3236 proficiscens
2467 3156 2538 3217 in

205 3258 540 3324 solitudine
586 3259 912 3341 silvarum)
950 3267 1007 3337 1,
1048 3264 1193 3321 238.
1258 3261 1468 3322 Immo
1513 3259 1766 3343 saepius
1804 3261 2249 3343 praecedentes
2285 3263 2538 3325 easdem

205 3375 339 3427 ante
382 3368 669 3451 primum
713 3365 922 3428 locum
966 3367 1258 3450 exempla
1286 3368 1670 3430 ostendunt:
1719 3386 1798 3430 ar
1827 3366 1973 3428 bore
2001 3366 2354 3432 drannoeth
2382 3391 2424 3451 y
2458 3368 2539 3431 bu

204 3467 433 3536 barawt
461 3472 691 3536 march
722 3472 917 3535 owein
946 3475 1038 3554 (et
1066 3495 1254 3535 mane
1284 3483 1430 3554 post
1457 3484 1710 3535 noctem
1741 3480 1999 3556 paratus
2031 3481 2165 3534 erat
2195 3493 2395 3554 equus
2421 3474 2536 3555 O.)

209 3581 260 3649 l,
293 3582 387 3642 12.
425 3602 503 3643 ac
533 3588 693 3663 yqyt
721 3601 795 3641 ar
827 3580 1261 3664 dydperedur
1291 3578 1564 3663 aquwei
1593 3578 1854 3660 dia-spat
1874 3579 1968 3658 (et
1990 3599 2123 3639 una
2153 3599 2300 3642 011111
2324 3579 2426 3642 die
2453 3581 2529 3646 P.

202 3682 488 3748 audiebat
516 3687 897 3767 tumultum)
920 3692 977 3761 1,
1004 3690 1149 3747 256.
1172 3706 1308 3766 pan
1326 3684 1782 3769 kambwyllont
1804 3684 1947 3767 kwy
1966 3705 2038 3745 or
2056 3684 2217 3770 lleoqz
2239 3706 2282 3768 y
2302 3685 2539 3746 deuant

204 3807 289 3871 wy
326 3791 439 3874 yth
475 3791 807 3876 qyrclzudi
840 3794 1015 3873 (cum
1060 3791 1524 3868 consuluerint,
1560 3814 1595 3853 e
1638 3801 1841 3854 castro
1875 3789 2233 3872 Legionum
2278 3788 2538 3857 venient

204 3890 313 3974 ipsi
356 3900 438 3960 ad
469 3909 535 3961 te
566 3899 1024 3981 quaerendum)
1064 3904 1121 3980 1,
1167 3903 1267 3960 14.
1317 3921 1393 3960 ac
1421 3897 1760 3982 yrfforest
1785 3898 1876 3982 yd
1905 3895 2010 3958 aei
2039 3920 2081 3981 y
2114 3896 2257 3958 mab
2291 3895 2542 3980 beunyd

205 3998 285 4076 (et
325 4006 405 4065 ad
447 4003 679 4067 silvam
722 4004 856 4066 ibat
886 4025 1044 4086 puer
1074 4003 1384 4086 quotidie)
1422 4012 1480 4079 1,
1520 4010 1668 4066 236.
1716 4026 1793 4065 ac
1823 4024 1901 4065 ar
1929 4002 1996 4065 ol
2016 4024 2059 4086 y
2094 4001 2186 4064 llu
2217 4000 2464 4064 lawnnw
2494 4024 2536 4085 y

200 4109 410 4184 ywelei
451 4110 538 4194 qs
557 4110 794 4192 qwreic
835 4109 1010 4172 velen
1043 4111 1135 4189 (et
1175 4118 1320 4192 post
1362 4109 1531 4173 hanc
1562 4111 1816 4174 turbam
1846 4108 1984 4191 ipse
2015 4107 2178 4171 vidit
2205 4106 2539 4169 mulierem

206 4209 446 4296 flavam)
488 4223 544 4292 1,
591 4224 688 4277 17.
753 4215 1072 4278 Adverbia
1114 4215 1255 4278 ideo
1301 4227 1431 4279 tam
1467 4216 1784 4299 simplicia
1813 4236 2007 4298 quam
2038 4212 2384 4297 composita
2415 4212 2537 4274 fre-

208 4321 608 4397 quentissime
652 4323 1044 4404 praecedunt
1085 4321 1255 4384 locos
1299 4322 1536 4405 primos
1580 4320 1966 4385 sententiae:
2020 4342 2097 4382 ac
2136 4340 2267 4402 yna
2301 4319 2536 4402 ydeuth.

206 4423 282 4503 (gf
296 4423 486 4506 fford
522 4452 564 4512 y
606 4428 724 4512 lya.
768 4477 780 4490 .
825 4477 838 4490 .
876 4451 952 4491 ac
977 4451 1101 4513 yno
1131 4451 1171 4512 y
1199 4428 1438 4510 qwelas
1469 4428 1873 4512 efywraqecl
1899 4429 1989 4506 (et
2023 4437 2174 4488 tunc
2209 4424 2339 4486 ibat
2371 4424 2536 4486 viam
