3150 5242
841 418 924 479 V.
963 424 1025 485 2.
1087 436 1486 483 courosrrro
1515 436 1811 480 an'rch.
2373 417 2498 480 819

201 585 332 650 sinit
359 585 540 653 etiam
568 585 951 649 intercedere
981 586 1148 650 inter
1175 609 1358 650 voces
1380 586 1745 671 jungendas
1776 586 2253 670 compositione,
2288 587 2496 670 prisea

198 692 395 775 gallica
434 714 504 754 eo
546 702 798 757 tantum
843 693 1074 769 differt,
1111 695 1284 776 quod
1326 715 1441 776 pro
1485 718 1527 757 a
1569 705 1667 757 est
1710 718 1768 770 o,
1815 715 1978 777 quae
2018 703 2085 756 et
2121 693 2261 776 ipsa
2289 705 2499 778 potest

196 797 360 863 inseri
410 808 552 881 post
605 797 635 860 i
673 808 738 861 et
781 821 859 873 u,
911 820 1074 881 quae
1132 799 1288 865 alias
1334 800 1742 865 intercedunt
1785 800 1922 865 sine
1964 821 2059 862 ea.
2137 800 2359 883 Hujus
2397 824 2493 865 re-

193 904 351 986 gulae
391 905 682 988 exempla
721 915 973 967 vetusta
1005 904 1142 987 jam
1184 927 1379 988 supra
1407 919 1779 973 enumerata
1808 916 1962 968 sunt
1991 908 2083 988 (p.
2124 909 2297 990 724).
2365 908 2494 971 Ex-

193 1009 483 1095 cipiuntur
519 1012 601 1073 ab
641 1032 715 1072 ea
747 1010 1144 1073 solummodo
1171 1011 1520 1093 particulae
1551 1012 1912 1075 desinentes
1943 1022 2056 1077 aut
2085 1012 2155 1077 in
2182 1034 2493 1079 consonas

192 1116 536 1194 (In-subres,
585 1117 924 1191 Con—date,
960 1118 1469 1193 Ver-nemetum,
1505 1117 1901 1194 Ad-miniu8‚
1938 1118 2492 1202 Ex-cincomarus)

188 1233 280 1284 aut
315 1222 379 1284 in
422 1246 454 1284 e
483 1222 913 1302 (Are-morici,
959 1224 1387 1298 Ate-boduuS,
1437 1224 2041 1304 Ande-camulum),
2077 1247 2259 1288 voces
2302 1248 2491 1310 quae-

188 1327 309 1388 dam
339 1327 712 1393 terminatae
742 1328 983 1410 syllaba
1013 1329 1098 1391 -2’3
1128 1330 1394 1391 obscura
1425 1329 1896 1408 (Civis-marus,
1933 1329 2303 1408 Aue-mara,
2340 1333 2490 1395 Car-

187 1432 564 1510 tis.-mandua‚
592 1433 1008 1516 Ratis-bona)
1034 1444 1226 1517 atque
1255 1456 1386 1503 una
1416 1434 1516 1497 vel
1547 1435 1750 1501 altera
1778 1457 1903 1497 vox
1932 1457 2094 1518 quae
2124 1436 2195 1502 in
2215 1437 2493 1503 mediam

184 1539 445 1606 desinens
491 1539 701 1604 vocali
738 1539 1055 1622 jungente
1097 1540 1346 1609 facilius
1388 1563 1597 1607 carere
1624 1540 1837 1623 potuit
1868 1543 2343 1623 (Lug-dunum,
2378 1565 2493 1626 pro

185 1654 286 1726 quo
313 1647 513 1709 adhuc
542 1654 758 1708 exstat
788 1645 1245 1728 Lugodunum,
1282 1648 1746 1730 Lugudunum,
1776 1649 2185 1726 Cob-nertus,
2215 1651 2492 1713 Bod-va-

182 1751 313 1829 ciuS,
346 1751 900 1835 Voti-gotiacum).

324 1859 475 1922 Tres
515 1859 667 1920 illas
708 1867 993 1919 vetustas
1030 1858 1276 1929 vocales
1308 1858 1810 1942 compositioniS‚
1846 1882 2008 1943 quae
2036 1862 2303 1924 deficere
2331 1860 2490 1927 inci·

177 1962 339 2046 piunt
371 1965 506 2048 jam
549 1965 626 2031 in
654 1963 861 2046 prisca
890 1963 1136 2045 lingua,
1173 1974 1319 2045 post
1347 1966 1791 2035 Romanorum
1820 1956 2095 2030 aetatem
2122 1968 2329 2050 magis
2356 1990 2490 2031 ma-

176 2069 368 2152 gisque
397 2071 704 2134 defecisse
734 2069 884 2131 inde
914 2069 1346 2151 colligendum
1376 2081 1492 2146 est,
1523 2072 1695 2154 quod
1723 2094 1806 2134 ne
1836 2094 1968 2135 una
1998 2073 2256 2155 quidem
2281 2074 2492 2141 adh-uc

176 2189 432 2259 superest
459 2177 531 2245 in
559 2175 1003 2245 monumentis
1034 2186 1166 2239 tam
1195 2175 1561 2243 hibernicae
1592 2176 1852 2259 linguae
1883 2199 2075 2259 quam
2096 2178 2491 2247 britannicae

176 2281 342 2351 etiam
381 2281 860 2350 vetustissimis
941 2281 1228 2363 Vestigia
1266 2291 1481 2344 tamen
1497 2331 1518 2358 ‚
1567 2284 1739 2364 quod
1781 2282 2102 2348 adfuerint
2140 2288 2484 2368 quondam,

174 2386 364 2450 relicta
393 2410 530 2452 esse
559 2387 910 2457 inficiendo
940 2408 1286 2451 consonam
1308 2387 1719 2450 inchoantem
1741 2389 1912 2453 vocis
1936 2391 2298 2472 posterioris
2322 2414 2489 2455 com·

172 2492 358 2573 positi,
383 2494 521 2577 jam
552 2517 748 2578 supra
782 2496 1289 2556 demonstratum
1319 2504 1415 2556 est
1446 2496 1540 2576 (p.
1584 2500 1726 2556 191.
1768 2498 1941 2576 192).

317 2600 691 2685 Composita
720 2600 860 2685 ipsa
887 2599 1222 2683 utriusque
1251 2599 1512 2683 linguae
1540 2599 1853 2677 residuae,
1882 2601 2246 2667 hibernicae
2276 2613 2340 2666 et
2361 2604 2487 2668 bri·

172 2706 432 2771 tannicae
447 2757 468 2784 ,
518 2706 764 2772 abhinc
807 2707 1239 2770 enumeranda
1282 2717 1434 2769 sunt
1479 2709 1836 2774 secundum
1878 2707 2166 2772 ordinem
2208 2709 2489 2791 partium

170 2812 463 2880 orationis.
530 2812 1033 2896 Subjungentur
1070 2812 1140 2880 in
1170 2814 1300 2874 fine
1330 2813 1782 2895 decomposita,
1819 2813 1864 2876 i.
1902 2836 1957 2876 e.
1995 2835 2030 2875 e
2058 2815 2349 2898 pluribus
2379 2837 2487 2878 vo-

169 2914 321 2986 cibus
362 2919 740 3003 composita.
804 2918 1174 2988 Hibernicis
1221 2917 1414 2981 etiam
1452 2918 1560 2980 hic
1604 2919 2094 3001 praemittentur
2121 2921 2354 3003 gallica
2380 2943 2484 2986 ve·

167 3030 314 3088 tusta
340 3026 657 3110 exempla.

609 3616 676 3684 I.
789 3613 1410 3707 Compositio
1463 3613 2000 3686 hibernica.

795 3869 878 3930 A.
950 3865 1293 3934 Nomina
1337 3865 1810 3948 composita.

305 4086 421 4154 Est
460 4087 632 4150 idem
678 4109 924 4170 semper
963 4086 1386 4169 componendi
1414 4087 1666 4163 moduS,
1701 4086 1834 4151 sive
1863 4088 2036 4172 prior
2065 4090 2336 4154 duarum
2366 4111 2473 4151 vo·

158 4205 284 4254 cum
311 4203 404 4262 est
430 4192 703 4275 genitivi
731 4194 831 4255 vel
860 4193 1024 4258 alius
1056 4213 1236 4256 casus
1266 4193 1425 4269 loco,
1465 4195 1598 4256 sive
1626 4193 2007 4264 nominativi
2037 4195 2140 4258 vel
2168 4193 2468 4278 appositi,

155 4303 217 4356 ut
242 4296 312 4358 fit
338 4297 406 4368 in
436 4297 722 4364 dialectis
753 4297 1014 4366 celticis.

312 4408 368 4464 1.
431 4403 979 4474 Substantiva
1037 4425 1211 4470 cum
1268 4404 1849 4472 substantivis·
1930 4406 2203 4472 Vetusta
2241 4404 2476 4488 gallica

151 4506 393 4576 nomina
429 4509 705 4591 plurima
733 4511 861 4576 duo
892 4508 1292 4574 substantiva
1324 4510 1583 4587 sistunt,
1620 4510 1992 4593 praesertim
2018 4513 2091 4580 in
2121 4511 2353 4595 quibus
2382 4533 2478 4576 se—

1927 4619 2004 4674 52
2022 4613 2055 4647 '⁸‘
2108 4629 2113 4633 ’
