3150 5242
498 430 501 433 ,
593 374 708 436 VI.
754 383 806 435 1.
874 394 1050 437 ormo
1080 395 1639 438 CONSTRUCTIONIS
1673 395 2148 438 BRITANNICAE.
2413 376 2532 437 901

237 543 455 606 viderat
481 544 824 621 mulierem,
853 556 1077 628 captus
1102 556 1196 608 est
1220 545 1356 629 ejus
1382 567 1592 608 amore
1617 547 1817 608 donec
1841 555 2006 608 esset
2027 545 2256 629 plenus
2281 567 2355 609 eo
2380 568 2533 629 quo-

232 671 458 732 cunque
487 650 644 732 loco)
684 659 739 728 1,
782 657 881 713 17.

375 757 552 818 Duae
602 757 702 819 vel
753 758 966 840 plures
1022 756 1373 819 sententiae
1427 757 1481 819 si
1532 767 1686 820 sunt
1736 757 2207 819 constructione
2240 752 2527 840 junctae,

226 861 389 923 verbo
422 862 828 925 affirmativae
858 863 1056 946 partis
1087 862 1524 946 cujuscunque
1553 863 2021 945 praegredienti
2052 865 2404 928 secundum
2435 888 2530 929 so-

221 966 378 1029 litam
408 977 786 1031 structuram
817 968 1129 1051 particula
1156 991 1222 1052 3],
1250 970 1345 1052 yd
1369 968 1819 1052 praemittitur,
1850 971 2104 1051 quando
2135 993 2266 1032 non
2296 973 2532 1034 adsunt

221 1072 672 1155 conjunctiones
717 1074 1074 1155 primitivae
1104 1073 1242 1155 pei,
1280 1097 1421 1158 eyn,
1459 1083 1583 1158 oyt,
1623 1097 1742 1137 can
1773 1084 1921 1151 etc.,
1957 1085 2032 1137 ut
2075 1076 2145 1139 in
2186 1077 2530 1160 multiplici

217 1178 506 1240 sententia
537 1181 727 1242 modo
756 1180 1035 1262 prolata:
1071 1203 1112 1263 3]
1148 1180 1334 1242 deaei
1357 1217 1442 1227 —
1463 1202 1506 1263 3]
1541 1179 1740 1242 lladei
1767 1215 1836 1225 -—
1865 1202 1907 1263 3]
1940 1180 2131 1264 dyqei
2160 1220 2240 1229 —
2257 1207 2275 1257 ;
2313 1182 2382 1244 in
2413 1185 2528 1245 du-

214 1283 374 1365 plicis
403 1284 596 1368 hujus
630 1287 907 1348 secunda
937 1297 1150 1367 parte:
1175 1284 1295 1366 pei
1316 1285 1616 1369 ywyppei
1639 1284 2041 1369 ymarckawc
2063 1285 2280 1372 kynny
2302 1289 2535 1372 ydeuei

210 1388 307 1471 yth
346 1391 665 1476 amdq‘ff'yn
708 1391 790 1472 (si
835 1391 1023 1453 sciret
1065 1413 1254 1473 eques
1299 1391 1455 1466 hoc,
1505 1390 1750 1453 veniret
1794 1401 1856 1453 te
1899 1397 2282 1475 protectum)
2321 1400 2377 1469 1,
2419 1400 2521 1456 32.

210 1495 341 1558 Non
370 1507 462 1559 est
491 1496 621 1559 alia
651 1497 1036 1560 constructio
1067 1519 1274 1581 saepe,
1310 1496 1365 1558 si
1393 1497 1591 1560 altera
1619 1519 1764 1578 pars
1796 1518 1943 1558 cum
1971 1498 2178 1578 priore
2209 1509 2305 1560 est
2334 1500 2401 1561 in
2433 1522 2526 1563 re-

209 1599 442 1678 latione,
478 1603 571 1665 ita
617 1614 694 1665 ut
731 1602 1097 1664 inveniatur
1139 1602 1207 1665 in
1239 1601 1550 1675 cambrica
1581 1601 1805 1684 lingua
1833 1603 2146 1684 particula
2176 1605 2528 1669 sententiae

207 1707 526 1785 absolutae,
579 1707 695 1770 ubi
738 1708 805 1769 in
851 1707 992 1771 aliis
1034 1709 1338 1791 leguntur
1377 1706 1711 1769 relativae:
1762 1707 1999 1792 kyspys
2040 1731 2141 1793 yw
2179 1712 2447 1796 qennyfi
2483 1736 2526 1797 3]

205 1813 346 1898 deuy
377 1815 446 1877 di
466 1838 543 1877 ac
576 1817 661 1898 ef
679 1817 1082 1896 (persuasum
1113 1824 1209 1876 est
1237 1813 1419 1889 mihi,
1452 1814 1621 1896 quod
1644 1813 1858 1876 venies
1886 1825 1958 1877 tu
1981 1837 2127 1877 cum
2151 1821 2253 1898 eo)
2285 1823 2352 1893 1,
2375 1822 2521 1881 259.

204 1919 338 1982 tebic
363 1943 460 2004 yw
484 1921 753 2006 qemzyf
770 1919 798 1981 i
825 1919 1030 2002 haqen
1058 1944 1101 2004 3]
1126 1919 1349 2004 dyqafi
1366 1942 1408 2003 3]
1434 1919 1791 1987 marchawc
1808 1920 1947 2003 yyd
1966 1921 2101 1983 ami
2121 1924 2294 2002 (vero
2318 1923 2525 1989 simile

203 2036 284 2088 est
310 2027 466 2089 mihi
497 2038 742 2102 tamen,
781 2025 950 2108 quod
979 2027 1208 2087 ducam
1238 2024 1517 2106 equitem
1548 2046 1835 2100 mecum3
1884 2026 1993 2088 ubi
2024 2027 2216 2090 etiam
2246 2029 2314 2091 in
2345 2041 2524 2113 parte

201 2130 373 2212 priori
411 2135 685 2196 verbum
723 2131 1197 2194 substantivum
1227 2152 1373 2192 cum
1403 2130 1764 2213 praedicato
1795 2142 2116 2195 mutatum
2146 2133 2215 2196 in
2244 2135 2526 2199 activum

198 2238 439 2302 verbum
467 2260 611 2303 esse
641 2238 872 2322 possit:
924 2260 964 2321 3]
1000 2235 1254 2318 tebvyaf
1269 2235 1297 2297 i
1322 2235 1549 2318 haqen,
1586 2237 1666 2297 ad
1697 2238 1994 2299 verbum:
2041 2239 2249 2322 cogito
2280 2251 2517 2318 tamen,

199 2342 488 2407 abducam
519 2345 834 2426 equitem)
874 2350 929 2418 1,
961 2348 1106 2403 259.
1154 2342 1504 2425 brodoryon
1534 2363 1642 2424 ym
1673 2341 1747 2403 ni
1771 2364 1850 2404 ar
1873 2365 2014 2425 ρων
2042 2367 2085 2428 3]
2118 2346 2296 2408 buost
2321 2346 2523 2410 neith-

196 2468 316 2531 wyr
340 2474 476 2535 yny
527 2459 598 2534 ty
633 2448 915 2531 (cognati
956 2469 1177 2510 sumus
1221 2468 1369 2508 cum
1404 2445 1560 2522 vire,
1597 2446 1667 2508 in
1698 2447 1879 2530 cujus
1912 2450 2097 2512 domo
2129 2451 2309 2513 fuisti
2337 2465 2524 2515 nocte

193 2555 544 2635 praeterita3
601 2557 683 2617 ad
723 2556 1018 2617 verbum:
1070 2552 1325 2636 cognati
1354 2573 1574 2614 sumus
1606 2575 1754 2615 cum
1784 2554 1939 2630 viro,
1977 2555 2157 2617 fuisti
2185 2556 2525 2638 praeterita

193 2671 359 2723 nocte
409 2662 477 2724 in
531 2660 674 2743 ejus
727 2662 940 2741 domo)
980 2667 1036 2735 1,
1077 2665 1222 2720 247.
1288 2660 1456 2720 Item
1507 2659 1578 2721 in
1627 2661 1781 2742 Leg.
1807 2683 1821 2722 :
1884 2662 2033 2745 llety
2086 2683 2157 2723 er
2207 2671 2397 2747 eqnat
2446 2686 2523 2726 eu

194 2770 443 2831 esmuell
479 2769 760 2850 ebrenyn
797 2789 866 2828 er
895 2766 1018 2828 hon
1052 2766 1158 2828 ebo
1190 2787 1265 2827 en
1298 2765 1484 2827 kescu
1516 2767 1681 2849 endy
1714 2766 2136 2846 (domicilium
2156 2768 2393 2850 judicis
2426 2781 2523 2831 est

193 2873 540 2936 cubiculum
591 2873 756 2955 regis
799 2872 865 2934 id
910 2871 980 2933 in
1026 2892 1151 2953 quo
1196 2870 1455 2951 dormit)
1497 2878 1552 2932 1.
1597 2878 1696 2933 11.
1737 2879 1796 2933 4.
1843 2873 2140 2957 ffeyryat
2177 2896 2521 2959 eurenynes

193 2978 362 3060 adely
404 2978 622 3063 dyllat
662 2999 1005 3061 eurenynes
1036 2998 1106 3038 er
1135 2975 1267 3039 kun
1296 2984 1609 3060 ypenytyo
1641 2978 1849 3040 endan
1882 2980 2235 3062 (presbyter
2263 2980 2521 3062 reginae

191 3082 358 3146 debet
388 3085 625 3148 habere
656 3082 1107 3146 vestimentum
1138 3082 1394 3165 reginae
1424 3082 1491 3147 id
1521 3082 1590 3143 in
1622 3104 1747 3165 quo
1779 3082 1995 3146 fecerit
2028 3084 2519 3168 poenitentiam)

196 3194 243 3250 1.
280 3195 375 3253 24.
416 3198 475 3253 6.
1163 3180 1167 3189 '

340 3298 492 3360 Non
534 3296 776 3359 mirum
824 3305 1039 3360 tamen
1084 3317 1219 3358 esse
1261 3306 1505 3380 potest,
1550 3317 1684 3359 non
1728 3306 2128 3358 constantem
2171 3319 2306 3360 esse
2345 3298 2520 3361 hunc

190 3420 362 3465 usum
400 3402 757 3485 particulae
801 3400 1126 3464 absolutae
1164 3426 1206 3487 3]
1251 3401 1321 3463 in
1367 3401 1685 3465 sent-entia
1725 3400 2009 3464 relativa.
2077 3404 2415 3485 Leguntur
2459 3426 2515 3466 e.

188 3527 271 3587 gr.
306 3532 449 3573 cum
480 3533 522 3572 a
558 3509 682 3571 alia
713 3508 1004 3591 exempla
1032 3507 1298 3587 relativa
1326 3506 1396 3569 in
1421 3509 1600 3571 Mab.
1628 3523 1641 3571 ὲ
1679 3507 1936 3571 minneu
1965 3509 2270 3592 avynnaf
2283 3532 2366 3593 ψ·
2386 3532 2520 3594 ym-

191 3611 372 3677 didan
413 3618 498 3679 da
550 3614 817 3678 aedewit
855 3639 897 3700 3]
928 3614 1187 3677 minneu
1217 3613 1332 3677 heb
1362 3637 1404 3698 3]
1435 3614 1544 3676 kei
1572 3619 1716 3698 (ego
1747 3614 1889 3700 volo
1921 3614 2349 3677 narrationem
2379 3617 2521 3699 pul-

190 3717 388 3784 chram
406 3744 573 3805 quae
590 3742 887 3783 concessa
901 3731 998 3783 est
1012 3721 1194 3796 mihi,
1217 3720 1429 3804 inquit
1446 3722 1579 3802 0.),
1596 3722 1802 3805 yosyn
1820 3743 2013 3785 aoruc
2026 3721 2237 3805 kynon
2251 3743 2333 3805 yr
2347 3721 2521 3806 hymn

189 3827 531 3890 aadawssei
573 3826 805 3889 arthur
850 3829 1056 3890 ‘cedunt
1085 3831 1409 3909 (quaerere
1453 3826 1661 3909 coepit
1691 3828 1767 3890 C.
1803 3827 1869 3889 id
1915 3828 2084 3910 quod
2126 3839 2523 3889 concesserat

189 3928 259 3990 A.
287 3931 400 4015 eis)
431 3942 491 4009 1,
525 3938 586 3995 2.
628 3933 844 4016 teyaclz
875 3956 974 4017 yw
1004 3955 1085 4017 yr
1115 3932 1365 4017 hacraf
1382 3935 1669 3996 onadunt
1696 3933 1839 4016 hwy
1869 3954 1986 3995 nor
2009 3954 2263 4016 vorwyn
2288 3933 2538 4017 deckaf

189 4037 452 4101 aweleist
493 4038 546 4102 ti
586 4038 822 4123 eiryoet
865 4062 953 4123 yn
995 4061 1157 4122 ynys
1187 4038 1469 4123 prydein
1503 4037 1860 4119 (formosior
1888 4049 1985 4102 est
2014 4039 2290 4101 maxime
2322 4039 2522 4102 defor-

190 4138 297 4202 mis
326 4165 404 4204 ex
432 4145 550 4216 eis,
589 4167 781 4228 quam
814 4146 1030 4229 puella
1058 4144 1533 4220 formosissima,
1564 4166 1756 4226 quam
1786 4143 2004 4211 vidisti
2035 4155 2107 4206 tu
2137 4165 2423 4226 unquam
2454 4143 2525 4205 in

191 4242 390 4310 insula
409 4249 777 4331 Britannia)
803 4258 858 4328 1,
882 4259 942 4327 4,
964 4250 1033 4312 in
1058 4250 1289 4333 quibus
1315 4251 1394 4312 ab
1418 4249 1725 4332 exemplis
1749 4250 2112 4311 memoratis
2136 4271 2269 4311 non
2293 4248 2523 4312 discor-

189 4348 324 4413 dare
353 4354 608 4418 videtur
636 4357 730 4440 yd
757 4356 998 4432 edewit‚
1025 4357 1120 4441 yd
1149 4355 1484 4433 adawssei,
1512 4378 1554 4439 3]
1572 4352 1859 4440 qweleist
1890 4353 1959 4430 ti,
1990 4364 2053 4416 et
2077 4354 2167 4416 eis
2194 4353 2354 4415 bene
2377 4373 2525 4415 con-

186 4459 430 4522 cordare
462 4483 612 4523 cum
642 4462 1016 4543 pronomine
1046 4461 1366 4546 personali
1398 4462 1562 4544 (loco
1596 4459 1815 4526 suffixi
1845 4459 1914 4523 in
1946 4462 2178 4537 endan,
2217 4459 2408 4542 endy)
2438 4461 2533 4543 yd
