3150 5242
1241 355 1586 401 ADDENDA.
2427 334 2587 393 1135

592 512 840 590 [Audite
875 509 1115 593 {bonum
1151 506 1508 591 {exemplum
1541 504 1562 591 ΙΙ
1601 504 1923 589 {benedicti
1946 507 2220 584 pauperis

590 614 916 695 lCamelacz’
947 609 952 694 Ι
977 613 1328 684 Cumiensis,
1368 607 1388 693 ΙΙ
1423 612 1523 668 dei
1542 611 1701 686 justi
1727 610 1954 667 famuli.

588 715 966 796 {Exemplum
995 717 1235 790 praebet
1265 716 1325 770 in
1357 722 1479 771 toto
1513 708 1533 793 ss
1565 713 1756 771 fidelis
1786 713 1847 769 in
1883 703 2080 791 lopere

590 820 707 895 [Et]
745 819 958 894 gratias
991 819 1100 874 deo
1136 812 1341 896 {agens
1376 811 1396 894 Η
1435 811 1662 894 {hilaris
1692 815 1754 871 in
1788 810 2106 891 {omnibus
2131 812 2161 843 *

427 968 673 1036 Quinas
706 966 773 1027 in
804 965 1142 1047 prioribuS,
1173 974 1464 1046 sept-enas
1498 962 1564 1023 in
1598 963 2049 1044 posterioribus
2080 963 2375 1024 membris
2402 965 2587 1047 sylla-

248 1079 361 1137 bas
406 1072 683 1136 ostendit
729 1074 1033 1153 Hymnus
1076 1068 1502 1149 apostolorum
1536 1073 1628 1152 (p.
1669 1072 1840 1147 129),
1881 1068 2266 1151 compositus
2298 1068 2587 1133 distichis

249 1202 398 1243 cum
442 1176 804 1241 assonantia
845 1174 1027 1236 finali
1069 1183 1181 1236 aut
1212 1173 1638 1256 contraposita
1669 1187 1780 1236 aut
1811 1174 2193 1256 copulativa,
2230 1185 2304 1236 ut
2334 1175 2401 1237 in
2434 1188 2586 1238 stro-

243 1287 392 1369 phis
432 1293 452 1346 1
496 1296 559 1347 et
593 1290 661 1345 8:

586 1437 927 1520 {Precamur
960 1432 1204 1516 lpatrem
1237 1430 1259 1516 ΙΙ
1291 1455 1479 1510 regem
1509 1436 1982 1510 omnipotentem,

584 1549 643 1599 et
673 1544 709 1599 J
714 1561 875 1598 esum
910 1538 1226 1607 Christum,
1270 1532 1289 1618 ΙΙ
1327 1533 1620 1616 {sanctum
1650 1557 1884 1611 quoque
1921 1536 2233 1615 §spiritum.

582 1645 880 1702 Tenebrae
914 1660 1088 1715 super
1121 1634 1141 1720 ss
1180 1635 1342 1719 {ante
1373 1647 1537 1699 erant
1570 1633 1889 1717 [abyssmm

581 1765 757 1819 quam
787 1744 1034 1801 radiaret
1067 1737 1086 1823 Η
1119 1743 1341 1816 primus
1377 1738 1524 1821 {dies
1560 1736 1829 1820 [dierum.

424 1894 663 1954 Eodem
694 1893 881 1953 modo
913 1888 1298 1972 compositus
1330 1899 1426 1950 est
1450 1882 1795 1971 “Hymnus
1828 1891 2082 1970 quando
2114 1894 2588 1955 communicant

246 1992 633 2061 sacerdotes''
670 2001 762 2080 (p.
807 2000 978 2076 132),
1015 1995 1359 2077 incipiens:

584 2151 812 2233 {Sancti
841 2153 1048 2221 venite,
1091 2147 1111 2231 ΙΙ
1149 2148 1398 2227 §Christi
1434 2146 1672 2230 {corpus
1709 2147 1962 2221 !sumite,

584 2253 876 2335 {sanctum
907 2255 1186 2321 bibentes,
1229 2248 1248 2332 ΙΙ
1284 2272 1400 2325 quo
1430 2252 1695 2320 redemti,
1740 2247 2122 2329 {sanguineam

426 2403 739 2466 Usitatius
765 2412 1039 2463 metrum
1064 2400 1462 2461 hibernicum
1488 2409 1892 2480 septenarum
1919 2388 2303 2481 syllabarum
2329 2403 2393 2463 in
2417 2416 2587 2466 utro-

247 2532 373 2592 que
403 2510 685 2571 membro
717 2508 991 2568 offerunt
1022 2503 1374 2569 “Versiculi
1404 2503 1684 2565 familiae
1710 2500 2067 2566 Benchuir”
2101 2508 2192 2587 (p.
2230 2513 2401 2588 156),
2432 2533 2588 2591 quos

246 2616 330 2677 ob
375 2612 805 2677 assonantiam
851 2609 1277 2694 copulativam
1321 2608 1664 2691 duplicem,
1703 2631 1864 2691 quae
1900 2611 2120 2673 eadem
2153 2623 2249 2675 est
2278 2613 2588 2698 bisyllaba

247 2721 441 2803 plena
473 2720 571 2781 vel
602 2719 886 2794 dimidia,
923 2717 1234 2800 proferam
1266 2737 1522 2777 omnes:

337 2901 340 2904 Α
388 2904 412 2930 ²*
452 2902 717 2972 Congruit
742 2919 863 2953 cum
890 2900 992 2951 hoc
1017 2907 1206 2963 metm,
1229 2907 1284 2952 et
1309 2916 1430 2952 cum
1455 2917 1582 2952 mox
1608 2898 1856 2969 sequenti
1882 2900 2167 2968 quinarum
2188 2901 2511 2970 syllabarum
2533 2905 2588 2956 in

247 2989 422 3057 primo
447 2988 704 3051 membr0‚
729 2995 1070 3055 septenarum
1096 2985 1151 3036 in
1180 2985 1434 3046 secund0‚
1458 2992 1689 3036 metrum
1716 2985 1944 3036 latinum
1970 2985 2268 3037 tetrametri
2295 2987 2589 3040 catalectici

246 3081 304 3126 et
338 3074 568 3125 trimetri
607 3071 885 3125 acatalecti
916 3070 1004 3139 (cf.
1044 3069 1283 3138 Zumptii
1325 3069 1562 3121 Gramm.
1599 3071 1644 3133 ς.
1677 3071 1795 3119 833.
1827 3068 1969 3137 837).
2023 3065 2288 3122 Occurrit
2310 3071 2446 3123 illud
2475 3069 2589 3141 jam

245 3159 395 3227 apud
420 3158 669 3221 comicos,
691 3158 786 3209 sed
810 3156 998 3226 purius
1022 3154 1168 3224 apud
1184 3153 1566 3205 Terentianum
1584 3154 1857 3215 Maurum,
1880 3153 2033 3222 cujus
2054 3161 2182 3205 sunt
2200 3172 2247 3205 e.
2268 3173 2350 3222 gr.
2374 3175 2589 3209 versus:

777 3272 910 3310 Nulla
931 3283 1015 3310 vox
1037 3272 1227 3308 humana
1247 3274 1415 3309 constat
1429 3271 1452 3314 ΙΙ
1471 3272 1634 3318 absque
1650 3273 1811 3317 septem
1832 3243 1983 3319 literis,
2003 3322 2006 3325 ⁴

775 3343 874 3381 Rite
896 3342 1064 3380 vocales
1086 3342 1255 3380 vocavit
1269 3343 1294 3387 ΙΙ
1311 3353 1417 3389 quas
1439 3342 1644 3390 magistra
1666 3341 1858 3380 Graecia.

246 3445 347 3496 Vel
373 3444 429 3495 in
457 3443 717 3505 versibuS,
740 3460 875 3511 quos
902 3441 1214 3493 cecinerunt
1237 3441 1437 3493 milites
1458 3441 1701 3493 Caesaris
1728 3441 1783 3493 in
1810 3441 2085 3509 triumpho
2112 3442 2325 3509 gallim,
2348 3450 2409 3495 ut
2432 3444 2594 3495 refert

248 3527 546 3580 Suetonius
583 3527 638 3579 in
664 3527 776 3579 Jul.
808 3527 960 3579 Caes.
990 3543 1037 3577 c.
1064 3529 1130 3576 49
1151 3544 1163 3576 z
1205 3523 1411 3576 Gallico
1447 3526 1725 3595 triumpho
1750 3526 1949 3578 milites
1975 3526 2090 3594 ejus
2116 3526 2258 3593 inter
2284 3533 2461 3579 cetera
2485 3545 2596 3579 car-

245 3614 411 3675 mina,
454 3611 635 3680 qualia
673 3628 888 3663 currum
923 3615 1309 3680 prosequentes
1341 3610 1658 3678 joculariter
1697 3618 1916 3673 canunt,
1962 3610 2123 3663 etiam
2163 3612 2595 3680 vulgatissimum

245 3697 386 3750 illud
413 3695 930 3764 pronuntiaverunt:

784 3817 945 3857 Gallias
968 3818 1125 3856 Caesar
1145 3817 1333 3867 subegit,
1353 3818 1377 3863 ΙΙ
1392 3817 1645 3857 Nicomedes
1667 3820 1907 3858 Caesarem.

781 3891 892 3928 Ecce
914 3890 1070 3928 Caesar
1091 3901 1204 3927 nunc
1225 3890 1478 3938 triumphat,
1496 3891 1520 3935 ΙΙ
1538 3891 1614 3940 qui
1634 3891 1805 3940 subegit
1827 3891 2016 3938 Gallias;

779 3960 1032 3998 Nicomedes
1052 3971 1139 3997 non
1160 3960 1412 4010 triumphat,
1431 3962 1454 4005 Η
1472 3962 1546 4010 qui
1569 3962 1741 4011 subegit
1762 3964 2001 4002 Caesarem.

252 4063 349 4116 Vel
379 4079 516 4132 quos
543 4061 701 4113 offert
724 4058 867 4110 idem
893 4059 1054 4111 etiam
1081 4059 1281 4112 ibidem
1309 4078 1354 4113 c.
1386 4066 1482 4114 802

782 4183 927 4222 Gallos
950 4185 1108 4222 Caesar
1127 4184 1173 4222 in
1194 4169 1460 4233 triumphum
1479 4187 1504 4232 ΙΙ
1519 4185 1654 4235 ducit,
1678 4184 1807 4223 iidem
1834 4185 1879 4225 in
1900 4186 2019 4225 curia

787 4254 900 4292 Galli
922 4256 1071 4292 bracas
1092 4255 1399 4307 deposuerunt,
1418 4257 1441 4301 ΙΙ
1460 4258 1598 4297 latum
1619 4257 1788 4295 clavum
1805 4259 2066 4300 sumserunt.

254 4354 560 4407 Fortuitam
601 4371 717 4405 esse
754 4354 890 4408 hanc
931 4354 1367 4423 congruentiam,
1411 4374 1521 4410 non
1560 4364 1957 4409 transsumtum.
1985 4355 2322 4412 hibernicum
2348 4366 2599 4418 metrum,

257 4446 473 4508 praeter
512 4438 876 4490 assonantiam
911 4438 1242 4491 hibernicam
1271 4441 1585 4509 comprobat
1611 4442 1752 4506 idem
1776 4449 2009 4506 metrum
2035 4442 2090 4493 in
2118 4443 2392 4495 hodiernis
2419 4442 2608 4512 populi
