3150 5242
590 393 713 456 636
1074 394 1195 457 IV.
1234 399 1295 455 2.
1353 412 1917 458 PRAErosrrmNEs
1951 416 2421 459 BRITANNICAE.

588 589 631 629 n
672 573 880 627 mutat
923 572 1072 625 ante
1115 583 1421 624 consonas
1453 565 1802 626 seeundum
1833 564 2083 646 regulas
2115 565 2207 646 (p.
2252 568 2421 644 137),
2458 563 2526 626 in
2557 565 2922 627 vetustiori-

587 673 707 734 bus
738 668 988 752 saepius
1019 666 1260 729 omittit
1288 677 1418 729 tam
1449 678 1599 730 ante
1628 690 1935 732 consonas
1969 691 2160 750 quam
2189 669 2433 731 vocales
2466 671 2558 752 (p.
2602 671 2773 751 136).

760 773 1071 854 Exempla
1114 793 1261 833 cum
1290 771 1622 835 intellectu
1652 773 1898 837 hibern.
1929 773 1997 836 in
2026 796 2173 836 cum
2202 774 2454 837 dativo:
2500 773 2807 837 dierchim
2833 776 2923 838 tir

593 879 765 944 telin.
802 878 1028 941 haioid
1062 877 1199 940 ilau
1243 878 1378 939 elcu
1405 876 1478 959 s.
1523 877 1737 962 yelhiy
1770 881 1877 958 (ad
1914 881 2294 961 poscendam
2341 890 2569 941 terram
2611 881 2716 955 Τ.,
2752 902 2919 962 quae

592 994 725 1057 erat
763 983 831 1045 in
861 1004 1059 1044 manu
1090 984 1167 1045 E.
1204 981 1322 1044 filii
1352 982 1470 1062 G.)
1502 983 1661 1066 Cod.
1700 982 2012 1045 Lichfeld.
2049 983 2118 1044 in
2148 985 2420 1066 append.
2457 985 2538 1046 ad
2566 985 2711 1046 libr.
2748 986 2921 1046 Lan-

590 1091 733 1152 dav.
769 1111 835 1172 p.
876 1093 1020 1148 271.
1073 1087 1177 1149 dir
1220 1085 1394 1149 main
1436 1085 1662 1149 iceoin
1705 1086 1768 1148 ir
1810 1089 1904 1151 alt
1932 1088 2162 1169 (usque
2206 1090 2287 1151 ad
2326 1088 2604 1170 lapidem
2633 1089 2701 1150 in
2733 1090 2920 1151 dorso

593 1195 820 1275 saltus)
853 1193 997 1255 Lib.
1034 1192 1240 1254 Land.
1285 1197 1425 1252 186.
1473 1214 1560 1274 yn
1606 1214 1768 1276 ynys
1799 1193 2084 1277 prydein
2130 1194 2225 1274 (in
2267 1193 2479 1255 insula
2524 1193 2916 1274 Britannia),

591 1322 678 1384 yn
711 1300 792 1361 lle
823 1298 999 1360 arall
1023 1297 1117 1377 (111
1149 1296 1272 1358 alio
1302 1296 1466 1375 loco)
1499 1298 1675 1358 Mab.
1718 1305 1776 1372 1,
1816 1305 1875 1358 4.
1917 1304 1975 1358 5.

764 1402 1077 1486 Exempla
1121 1423 1267 1463 curn
1310 1421 1501 1462 sensu
1544 1401 1842 1463 motionis
1885 1400 1952 1461 in
1984 1402 2195 1464 locum
2224 1404 2325 1465 vel
2357 1413 2641 1486 tempus:
2686 1403 2926 1486 yrefiat

588 1508 804 1593 ynetiy
842 1507 942 1570 nis
969 1507 1101 1569 min
1133 1506 1161 1568 i
1189 1506 1423 1569 cutbulc
1451 1504 1566 1567 hai
1593 1505 1795 1568 cenetl
1820 1508 1849 1568 i
1873 1506 1965 1569 oz‘s
1997 1507 2169 1570 oisou
2202 1508 2511 1588 (notarius
2540 1510 2762 1591 postea
2792 1530 2923 1571 non

594 1624 810 1696 surget
850 1612 919 1674 in
948 1613 1143 1674 Tutb.
1180 1621 1244 1673 et
1271 1631 1473 1693 genus
1505 1610 1642 1692 ejus
1673 1610 1741 1673 in
1773 1621 2045 1674 aetatem
2074 1622 2377 1688 aetatum,
2413 1612 2483 1674 in
2512 1615 2923 1695 perpetuum)

596 1719 754 1781 cod.
793 1715 1105 1778 Lichfeld.
1140 1716 1186 1777 l.
1223 1737 1278 1777 c.
1315 1736 1470 1795 aper
1514 1736 1756 1776 caruan
1798 1715 1827 1776 i
1860 1715 2033 1777 einer
2063 1716 2260 1779 dz’ued
2287 1717 2597 1797 (influxus
2630 1719 2706 1780 C.
2742 1718 2924 1780 fluvii

595 1823 664 1885 in
696 1824 771 1886 C.
810 1822 893 1883 D.
944 1820 1240 1900 fluvium)
1275 1819 1416 1881 Lib.
1455 1819 1660 1880 Land.
1706 1825 1846 1880 117.
1906 1821 2189 1904 crafnell
2225 1821 2322 1883 bet
2344 1843 2485 1902 pan
2526 1822 2795 1905 diseynn
2836 1845 2924 1907 yn

597 1926 732 1990 uiso
756 1928 891 2006 (Cr.
920 1924 1092 1986 rivus
1123 1925 1323 1985 donec·
1352 1922 1578 1983 incidit
1607 1922 1675 1984 in
1705 1923 1963 2005 Iseam),
1986 1946 2117 2008 yuy
2147 1925 2349 2009 nyhyt
2377 1925 2475 1988 hit
2487 1947 2628 2006 pan
2654 1927 2923 2011 discynn

594 2054 682 2115 yn
725 2030 960 2114 hafren
1006 2029 1147 2109 (G.,
1183 2029 1477 2089 deorsum
1518 2029 1717 2089 donec
1760 2027 1984 2091 incidit
2031 2029 2100 2101 in
2133 2030 2493 2110 Sabrinam)
2527 2031 2671 2092 Lib.
2711 2032 2917 2093 Land.

604 2142 746 2197 127.
794 2156 947 2216 aper
969 2133 1259 2215 finnaun
1303 2133 1540 2195 doudec
1583 2130 1748 2197 seint
1783 2156 1870 2217 yn
1914 2133 2048 2195 linn
2091 2136 2377 2216 synadon
2421 2135 2686 2215 (ostium
2727 2135 2922 2197 fontis

598 2239 928 2303 duodecim
961 2247 1323 2301 sanctorum
1352 2237 1422 2299 in
1452 2247 1752 2318 stagnum
1784 2237 1886 2319 S.)
1919 2238 2060 2300 Lib.
2098 2240 2303 2300 Land.
2348 2245 2489 2300 138.
2527 2312 2535 2318 ·

768 2345 940 2407 Ante
981 2341 1354 2404 articulum:
1406 2341 1473 2403 in
1519 2341 1580 2402 ir
1614 2341 2029 2424 quorimketz‘c
2072 2343 2185 2424 (gl.
2233 2342 2301 2404 in
2344 2353 2591 2424 argut0,
2625 2344 2787 2424 foro)
2825 2344 2916 2425 gl.

599 2452 810 2513 Oxon.
846 2448 938 2510 rit
963 2468 1041 2510 ar
1070 2446 1099 2508 i
1106 2448 1267 2529 frat
1296 2445 1363 2508 in
1393 2445 1455 2507 ir
1483 2445 1607 2508 coit
1634 2466 1819 2507 maur
1856 2447 2117 2526 (vadum
2147 2468 2336 2528 super
2364 2446 2634 2533 fluvium
2664 2447 2734 2508 in
2765 2448 2922 2510 silva

597 2556 856 2640 magna)
881 2552 1024 2615 Lib.
1054 2551 1260 2614 Land.
1297 2557 1395 2611 70.
1433 2570 1510 2610 ar
1538 2550 1637 2613 hit
1665 2550 1693 2611 i
1718 2558 1876 2612 nant
1905 2551 1990 2611 du
2020 2550 2375 2634 diryuairet
2396 2551 2495 2614 bet
2506 2573 2693 2633 pann
2717 2551 2923 2614 disc-in

598 2660 842 2724 inidair
884 2658 986 2720 cin
1016 2656 1233 2719 circha
1279 2657 1393 2738 tas
1411 2658 1788 2737 (secundum
1818 2655 2086 2717 fluvium
2114 2658 2371 2738 nigrum
2400 2658 2691 2719 deorsum
2724 2657 2924 2719 donec

598 2765 768 2828 cadit
816 2763 883 2824 in
942 2772 1172 2824 terram
1227 2771 1568 2842 antequam
1609 2759 1898 2841 pervenit
1941 2749 2010 2822 in
2052 2762 2129 2822 T.
2179 2760 2474 2841 fluvium)
2514 2761 2660 2824 Lib.
2712 2763 2917 2824 Land.

603 2876 749 2930 247.
795 2865 1068 2950 yweison
1098 2864 1410 2948 ynsaetku
1450 2887 1581 2948 yny
1614 2864 1696 2926 lle
1724 2886 1766 2948 y
1791 2863 2050 2947 ywelsei
2067 2887 2280 2950 yynon
2313 2865 2520 2947 (pueri
2551 2866 2924 2948 sagittantes

600 2973 669 3034 in
712 2973 870 3045 1000,
908 2968 1018 3030 ubi
1061 2968 1303 3031 viderat
1333 2969 1466 3048 C.),
1501 2968 1847 3052 yyweisson
1886 2990 1974 3051 yn
2011 2968 2233 3031 saethu
2261 2991 2348 3053 yn
2375 2992 2457 3053 yr
2485 2993 2571 3033 un
2603 2971 2687 3033 lle
2718 2970 2927 3054 (pueri

590 3075 977 3158 sagittantes
1007 3072 1077 3134 in
1107 3074 1327 3134 eodem
1355 3073 1519 3153 loco)
1554 3074 1729 3135 Mab.
1772 3079 1831 3147 1,
1872 3078 1972 3133 12.
2012 3077 2114 3134 22.

774 3179 1107 3242 Formulae
1137 3199 1284 3238 oum
1312 3177 1797 3259 pronominibus
1829 3175 2111 3238 suffixis:
2164 3200 2204 3239 a
2235 3178 2527 3262 chymryt
2556 3178 2755 3242 tristit
2783 3202 2925 3262 ayo-

602 3282 863 3346 ueileint
906 3281 1303 3345 awneutkum
1341 3282 1515 3366 ynof
1532 3302 1636 3343 am
1667 3280 1882 3364 hynny
1914 3283 2009 3360 (et
2037 3302 2285 3344 sumere
2315 3281 2637 3345 tristitiam
2667 3293 2731 3344 et
2762 3283 2928 3346 30111-

603 3387 953 3449 eitudinem
981 3386 1157 3469 coepi
1187 3385 1256 3447 in
1288 3407 1391 3448 me
1420 3385 1585 3446 circa
1612 3385 1760 3466 hoc)
1793 3386 1969 3447 Mab.
2011 3391 2069 3461 1,
2105 3393 2164 3447 5.
2200 3387 2379 3449 kawc
2408 3394 2644 3470 aryant
2672 3387 2931 3470 adwfyr

602 3493 833 3576 yndaw
865 3491 1046 3571 (lanx
1075 3499 1371 3571 argentea
1400 3499 1465 3550 et
1495 3511 1660 3571 aqua
1689 3488 1759 3549 in
1787 3491 1887 3570 ea)
1925 3496 1981 3564 1,
2023 3496 2121 3551 15.
2171 3513 2249 3552 ar
2259 3491 2458 3574 ffonn
2490 3490 2744 3575 kayarn
2774 3492 2929 3574 ady-

604 3593 911 3657 wedassei
946 3616 988 3677 y
1025 3615 1165 3677 ρων
1203 3616 1246 3677 y
1289 3592 1382 3655 mi
1421 3601 1529 3655 uot
1557 3592 1775 3676 llwyth
1806 3593 2023 3655 deuwr
2051 3595 2232 3678 yndi.
2268 3596 2504 3679 hyspys
2534 3597 2653 3657 oed
2670 3595 2935 3679 yennyfi

605 3707 714 3762 uot
750 3697 968 3781 llwytlz
985 3700 1258 3779 pedwar
1286 3696 1494 3759 milwr
1520 3696 1686 3779 yndi
1714 3699 1805 3778 (et
1835 3698 2011 3760 clava
2041 3699 2260 3773 ferrea,
2298 3701 2376 3760 de
2406 3720 2533 3780 qua
2563 3698 2811 3760 dixerat
2837 3698 2933 3759 vir

603 3802 764 3865 mihi
819 3824 954 3865 esse
993 3803 1244 3885 pondus
1285 3802 1556 3862 duorum
1597 3800 1876 3863 virorum
1917 3801 1987 3863 in
2030 3823 2135 3876 ea,
2181 3824 2554 3883 persuasum
2595 3800 2759 3862 mihi
2800 3810 2933 3862 erat

606 3929 741 3971 esse
785 3908 1036 3989 pondus
1068 3916 1339 3989 quatuor
1366 3904 1648 3966 militum
1676 3905 1746 3966 in
1777 3907 1876 3986 ea)
1913 3913 1971 3981 1,
2011 3913 2043 3965 7
2057 3953 2070 3966 .
2120 3905 2383 3988 kawyeu
2413 3913 2649 3989 aryant
2675 3904 2935 3988 adwfyr

603 4035 645 4097 y
689 4011 968 4095 ymolchi
1006 4012 1257 4096 yndunt
1285 4010 1523 4090 (lances
1565 4020 1898 4091 argenteae
1943 4020 2007 4072 et
2036 4029 2202 4090 aqua
2230 4009 2310 4071 ad
2339 4009 2683 4070 lavandum
2715 4009 2786 4069 in
2816 4009 2931 4087 eis)

612 4124 670 4192 1,
710 4124 769 4178 5.
809 4117 1032 4199 ywedy
1076 4122 1348 4198 ryuynet
1382 4113 1745 4198 ywylltineb
1786 4115 2038 4197 yndunt
2080 4116 2254 4194 (curn
2295 4112 2563 4174 redierat
2605 4111 2820 4174 feritas
2864 4111 2933 4171 in

606 4243 734 4297 eaS,
769 4224 1050 4301 capreas)
1090 4227 1145 4295 1,
1188 4224 1331 4280 236.
1399 4219 1866 4302 Supponendae
1907 4237 2021 4299 pro
2062 4216 2282 4278 ceteris
2313 4215 2597 4297 personis
2626 4215 2932 4277 formulae

604 4334 778 4409 ynot‚
813 4345 1000 4408 ynom
1032 4335 1152 4386 ete.

779 4427 1122 4493 Cornice
1164 4428 1289 4503 IN,
1319 4428 1474 4501 YN,
1504 4427 1569 4488 Y
1599 4425 1669 4487 in
1694 4427 1913 4487 Pass.:
1955 4446 2042 4507 yn
2072 4423 2199 4507 kyy
2225 4444 2313 4508 yn
2338 4445 2496 4508 yoys
2526 4435 2818 4504 owpewe
2840 4421 2933 4502 (in
