3150 5242
614 374 690 437 V.
735 380 789 435 1.
854 393 1224 437 nEva'rIo
1257 386 2093 435 BRITANNICA‘MEDIARUM.
2399 368 2523 428 805

213 567 371 608 mum
410 544 580 620 fecit,
614 565 691 606 ex
735 543 860 627 adj.
898 545 1168 625 cadam)
1205 550 1264 620 3,
1305 549 1450 604 301.
1498 564 1575 604 ac
1615 564 1691 603 ae
1718 538 2211 624 hqfnockaeiyn
2236 536 2522 622 qymeint

210 654 289 733 (et
332 649 553 714 terruit
593 672 693 715 eos
734 650 859 724 ita3
908 650 952 712 i.
1001 672 1058 712 e.
1108 649 1361 712 timidos
1407 647 1592 723 fecit,
1645 669 1725 709 ex
1763 646 1891 730 adj.
1942 647 2219 730 osnawc)
2256 650 2318 719 3,
2361 649 2508 704 299.

205 759 337 821 Non
378 756 656 820 diversae
697 758 935 820 formae
978 767 1132 820 sunt
1160 766 1388 818 neutra
1417 751 1892 817 denominativa
1922 751 2337 835 congruentia
2367 773 2514 814 cum

200 863 515 928 hibernicis
561 862 630 925 in
659 863 841 948 -iyim
858 892 879 926 .·
922 880 1134 947 meyys
1169 858 1603 947 yynottayssei
1630 861 1732 940 (ut
1762 869 2103 922 consuetus
2135 861 2294 940 erat)
2328 858 2505 920 Mab.

200 977 248 1047 3,
283 977 417 1032 304.
468 969 588 1054 hyt
629 969 1086 1034 trabarkaawd
1122 990 1268 1052 yoes
1301 969 1529 1049 (donec
1574 967 1846 1028 durabat
1887 965 2019 1028 vita
2060 965 2223 1048 ejus)
2260 971 2320 1041 3,
2360 969 2505 1026 299.

196 1099 265 1160 ny
302 1076 459 1140 cheit
504 1076 654 1161 byth
700 1076 1074 1140 trabarhaei
1114 1076 1279 1159 bwyt
1319 1097 1360 1136 a
1401 1074 1583 1158 llynn
1626 1075 1786 1154 (non
1829 1083 2157 1157 caperetur
2197 1093 2506 1155 unquam,

197 1193 466 1258 castrum,
501 1184 705 1245 donee
751 1184 1005 1245 duraret
1050 1179 1231 1244 cibus
1278 1191 1342 1243 et
1384 1182 1602 1264 potus)
1642 1185 1698 1254 1,
1739 1182 1883 1241 252.
1934 1179 2186 1255 tristata,
2223 1178 2511 1263 arafhau

198 1289 477 1369 (tristem,
527 1289 822 1372 quietum
867 1290 1030 1364 esse)
1071 1295 1143 1364 1,
1183 1293 1285 1349 26.
1315 1292 1388 1362 2,
1427 1292 1572 1348 381.
1641 1285 1814 1348 Sunt
1854 1285 2159 1348 armorica
2203 1284 2511 1348 hodierna

194 1393 475 1478 ejusmodi
525 1396 720 1459 verba
772 1416 853 1457 ex
904 1393 1229 1477 adjectivis
1279 1393 1382 1456 vel
1435 1390 1884 1454 substantivis:
1935 1391 2247 1455 bihanaat
2285 1394 2508 1473 (demi-

190 1523 381 1579 nuere,
415 1524 692 1587 parvum
734 1502 936 1565 facere
970 1499 1070 1563 vel
1099 1498 1289 1581 fieri),
1327 1497 1688 1562 c’hoantaat
1718 1498 2150 1581 (desiderare),
2171 1498 2510 1581 peoc’kaat

190 1608 570 1692 (pacificare).
2141 1623 2145 1626 ’

332 1715 701 1779 Mediarum
759 1712 1185 1777 derivantium
1244 1733 1676 1775 connexarum
1728 1716 2018 1798 exempla
2069 1714 2303 1778 rariora
2355 1727 2508 1778 sunt

186 1820 353 1884 etiam
392 1846 537 1886 cum
583 1819 1098 1907 liquidanasali.
1165 1820 1297 1881 ΜΒ
1330 1828 1395 1881 et
1423 1819 1488 1882 N
1492 1819 1554 1881 D
1589 1819 2071 1884 substituendae
2109 1832 2261 1884 sunt
2289 1821 2506 1884 formis

180 1926 402 1992 infectis
443 1930 599 1993 hod.
640 1930 875 1992 cambr.
913 1927 1186 1989 colomen
1219 1925 1565 2006 (columba)
1598 1948 1746 1989 cum
1789 1938 1943 1990 nota
1979 1927 2440 2011 singularitatis
2473 1952 2507 1991 e

183 2035 370 2112 colom,
405 2047 470 2100 et
495 2035 845 2122 ysqrffenu
877 2033 1225 2115 (scribere),
1256 2031 1668 2116 ysffl·{s'enwr,
1696 2034 2129 2118 ysqrzfenydd
2156 2035 2501 2119 (scriptor),

181 2160 327 2202 corn.
374 2141 725 2206 seriut'niat
770 2139 1091 2223 (scriptor)
1125 2139 1394 2213 Vocab.,
1430 2137 1483 2200 si
1530 2142 1852 2201 confertur
1896 2140 2145 2204 hibern.
2190 2153 2316 2205 vet.
2350 2147 2506 2206 scri-

182 2244 336 2309 bend.
399 2249 671 2331 Integra
712 2256 958 2309 servata
1002 2254 1100 2308 est
1143 2244 1277 2308 sola
1314 2244 1588 2307 formula
1618 2245 1683 2308 N
1688 2245 1753 2307 G
1781 2245 2170 2329 frequentior
2211 2248 2405 2312 etiam
2434 2250 2504 2312 in

182 2352 477 2417 cambricis
524 2353 828 2417 vocibus:
879 2352 1243 2436 ynhustynq
1277 2353 1644 2432 (susurrans
1661 2376 1681 2426 3
1719 2351 1868 2415 hod.
1905 2351 2187 2436 hustiny,
2223 2354 2498 2431 sibilare,

181 2477 246 2518 ex
282 2457 454 2536 husi,
508 2464 842 2541 susurrus)
891 2458 1067 2520 Mab.
1108 2463 1184 2534 2,
1222 2464 1323 2519 54.
1386 2457 1799 2542 teilynqdawt
1841 2458 2174 2542 (dignitas)
2219 2462 2396 2524 Mab.
2438 2472 2497 2538 3,

182 2566 282 2626 298
313 2588 388 2629 ex
417 2567 544 2652 adj.
593 2567 842 2650 teilwnq
880 2563 1140 2647 (dignus
1154 2588 1173 2639 3
1211 2563 1291 2626 cf.
1328 2563 1575 2628 hibern.
1613 2574 1739 2627 vet.
1772 2566 2097 2649 tualan9);
2133 2568 2503 2650 praesertim

181 2667 238 2731 in
275 2674 470 2736 verbis
503 2673 620 2756 (cf.
657 2695 723 2756 p.
763 2674 951 2753 518):
998 2671 1272 2753 yellwnq
1305 2671 1701 2754 (dimittere),
1732 2680 2012 2755 qestwny
2045 2673 2495 2757 (submittere),

179 2773 445 2863 kebrwnq
492 2776 847 2861 (comitari,
899 2779 1278 2855 conducere)
1325 2779 1500 2840 Mab.
1546 2785 1618 2853 1,
1658 2786 1715 2840 7.
1757 2785 1858 2840 31.
1902 2786 1959 2855 3,
2005 2787 2144 2842 145.
2210 2781 2266 2844 Ε
2311 2785 2502 2847 verbo

178 2879 443 2968 hebrwnq
500 2896 725 2949 tamen
781 2883 1139 2947 derivatum
1190 2904 1362 2946 corn.
1422 2882 1816 2961 hebrenoiat,
1866 2885 2273 2952 hebreae-hiat
2312 2891 2499 2974 (dux)

178 2986 386 3053 Vocab.
422 2990 709 3055 indicare
740 2991 991 3054 videtur
1020 2989 1234 3073 potius
1267 3000 1546 3054 tenuem.

821 3252 882 3306 4.
947 3244 1383 3332 Derivatio
1439 3245 1825 3307 tenuium.

323 3432 375 3493 P
406 3430 707 3502 derivans
738 3430 932 3493 rarior
965 3432 1188 3494 ceteris
1221 3431 1289 3494 in
1319 3432 1539 3515 paucis
1572 3431 1672 3493 his
1703 3431 1990 3494 formulis
2024 3434 2318 3498 occurrit.

325 3536 433 3600 ΕΡ
486 3537 564 3599 in
618 3536 1033 3600 substantivis
1087 3538 1450 3600 cambricis:
1510 3537 1762 3620 laea-nep
1817 3537 2062 3619 (facies)
2106 3540 2194 3621 gl.
2247 3543 2490 3620 ()xon.,

180 3632 401 3723 huynep
430 3644 594 3725 Leg.
639 3649 693 3704 1.
734 3647 793 3704 2.
836 3650 895 3718 3,
917 3639 1190 3727 ‘hwyneb
1223 3645 1399 3715 Mab.
1444 3650 1498 3719 1,
1539 3649 1687 3719 240,
1729 3643 1882 3706 alibi
1919 3645 2203 3729 quneb.
2255 3656 2494 3731 motrep

181 3742 367 3827 colligi
407 3750 600 3811 debet
629 3770 663 3810 e
692 3750 858 3831 plur.
897 3751 1239 3831 modreped
1265 3752 1712 3831 (materterae,
1744 3752 1978 3824 cambr.
2017 3751 2164 3813 hod.
2202 3749 2493 3838 modrfqb)
2566 3761 2569 3764 ’

180 3845 254 3925 gl.
286 3850 489 3916 Oxon.
559 3854 742 3916 Idem
786 3855 987 3916 subst.
1025 3876 1199 3916 corn.
1245 3855 1530 3917 modereb
1574 3855 1848 3919 occurrit
1887 3855 1957 3918 in
1986 3858 2256 3935 Vocab.,
2292 3870 2355 3923 et
2397 3883 2493 3923 ar-

181 3970 316 4015 mor.
350 3980 502 4041 enep
536 3958 780 4041 (facies)
811 3959 883 4020 in
912 3959 1086 4021 Buh.
1131 3965 1274 4036 124,
1315 3968 1373 4023 7.
1515 3991 1520 4002 ·

326 4062 807 4147 Frequentiores
838 4075 991 4127 sunt
1020 4064 1304 4148 duplices
1326 4066 1635 4130 formulae
1661 4069 1860 4144 TAP,
1889 4069 2085 4146 TEP,
2116 4070 2215 4133 IN
2220 4072 2357 4148 ΕΡ,
2384 4075 2492 4136 ab·

180 4171 388 4230 stracta
415 4170 759 4233 formantes
792 4191 873 4232 ex
902 4170 1260 4255 adjectivis:
1312 4173 1670 4258 kyweirdeb
1704 4177 2137 4258 (apparatus),
2171 4177 2339 4258 plur.
2377 4178 2490 4263 ky-

179 4269 518 4338 weirdabeu
564 4275 790 4357 (etiam
823 4276 1013 4340 hodie
1056 4278 1218 4341 -dab
1265 4289 1329 4341 et
1374 4280 1557 4361 -deb)
1592 4281 1770 4343 Mab.
1815 4288 1871 4357 1,
1910 4291 1969 4342 5.
2015 4289 2110 4344 15.
2151 4287 2296 4344 237.
2340 4288 2484 4346 238.

179 4370 541 4458 kyssondeb,
593 4382 1070 4466 anqhyssondeb
1115 4384 1510 4466 (harmonia,
1552 4385 2011 4469 disharmonia)
2057 4388 2234 4451 Mab.
2283 4393 2342 4465 2,
2382 4397 2483 4452 21.

180 4485 271 4542 46.
300 4487 658 4571 qulltineb
691 4488 961 4572 (feritas)
989 4491 1165 4554 Mab.
1205 4498 1259 4567 1,
1294 4497 1439 4552 236.
1507 4490 1678 4554 Sunt
1707 4491 2062 4555 masculina
2092 4493 2248 4556 haec
2280 4494 2349 4556 in
2380 4495 2490 4559 ho-
