3150 5242
571 360 732 420 1078
935 381 1305 424 Arrmnnx.
1372 381 1657 424 0110881111
1684 379 2065 423 musalms
2092 378 2530 423 oxomense&

563 550 841 630 hinnio).
892 551 1137 615 dt’m'am
1162 553 1279 636 (gl.
1311 552 1569 635 tinnio).
1617 574 1893 616 rannam
1925 553 2041 636 (gl.
2069 552 2359 635 partior).
2411 548 2755 614 didanuud
2780 551 2899 635 (gl.

564 657 799 739 elicio).
864 658 975 721 Gl.
1011 679 1214 742 marg.
1250 659 1546 723 elbt'nam.

740 768 861 845 (5⁸)
909 766 1354 849 taquelqm'liat
1381 765 1497 847 (gl.
1534 764 1981 847 silicernium).
2031 787 2182 828 carr
2211 763 2328 847 (gl.
2364 762 2789 846 vehiculum).

741 866 864 950 (5⁸³)
908 872 1209 934 morbran
1254 871 1371 955 (gl.
1407 874 1709 954 merges).
1772 871 2008 934 elatam
2055 871 2174 954 (gl.
2210 873 2442 950 struo).
2508 870 2912 953 (109ωῇιήτί-

570 976 692 1039 liat
722 976 837 1059 (gl.
873 975 1235 1058 inceduus).
1286 977 1655 1041 datolaham
1692 976 1809 1060 (gl.
1844 977 2039 1060 lego).
2081 998 2285 1061 query
2316 976 2360 1040 l.
2397 975 2641 1038 celmed
2666 973 2789 1057 (gl.
2827 974 2916 1038 ef-

571 1085 788 1165 ficax).
839 1083 1137 1146 lammam
1170 1084 1286 1166 (gl.
1324 1084 1534 1166 salio).
1585 1084 1849 1147 lemem'c
1877 1083 1995 1167 (gl.
2029 1082 2260 1162 salax).

571 1311 666 1364 the
704 1312 836 1364 time
872 1310 967 1363 the
1004 1311 1100 1363 fire
1136 1312 1183 1363 is
1211 1312 1441 1365 covered
1464 1313 1608 1366 until
1632 1313 1678 1365 it
1698 1312 1769 1365 be
1795 1309 2176 1383 uncovered”).
2228 1311 2335 1365 Est
2355 1311 2487 1364 hod.
2513 1311 2626 1382 adj.
2655 1320 2715 1364 et
2737 1312 2916 1365 subst.

571 1397 801 1467 simplex
838 1397 1010 1461 huda,
1048 1397 1328 1461 obscurus,
1367 1405 1545 1451 tectus
1563 1438 1577 1461 ,
1620 1398 1950 1462 obscuritas3
1990 1415 2167 1467 comp.
2208 1397 2441 1461 anhudd,
2470 1415 2583 1450 non
2625 1397 2917 1463 obscurus,

572 1491 791 1552 apertus
807 1522 821 1546 ,
863 1482 1196 1546 dadanbudd,
1237 1482 1491 1548 detectiO,
1533 1484 1810 1548 revelatio,
1840 1483 1987 1538 unde
2019 1482 2169 1536 verb.
2196 1482 2619 1546 dadanhuddaw,
2647 1491 2918 1554 retegere,

574 1568 820 1633 educere,
850 1560 1059 1622 elicere.
1111 1569 1385 1622 Particula
1407 1569 1733 1639 praecedens
1757 1568 1888 1633 M,
1917 1568 2044 1621 dad-
2067 1585 2166 1638 pro
2189 1567 2308 1631 dia,
2336 1567 2451 1619 dat-
2481 1567 2557 1638 (p.
2588 1569 2736 1639 878).
2784 1569 2922 1622 Cum

573 1671 683 1706 non
721 1655 864 1708 adsit
896 1655 1206 1709 terminatio
1243 1656 1405 1708 solita
1426 1673 1538 1707 -am
1572 1654 1631 1707 in
1664 1654 1769 1707 hoc
1801 1654 1968 1707 verbo
1991 1652 2278 1717 dauanmad,
2308 1653 2589 1722 quaeritur
2610 1671 2682 1706 an
2709 1672 2828 1707 non
2854 1656 2926 1708 sit

575 1739 883 1809 exemplum
905 1740 1156 1795 flexionis
1181 1741 1423 1793 internae
1449 1739 1600 1792 verbi
1626 1739 1718 1810 (ob
1740 1738 2013 1809 duplicem
2038 1755 2257 1809 quoque
2272 1738 2347 1807 u),
2371 1756 2508 1808 quae
2519 1738 2689 1792 flexio
2704 1741 2928 1794 interna

574 1832 631 1876 et
663 1825 827 1877 hodie
861 1825 1074 1879 obtinet
1103 1826 1160 1880 in
1197 1826 1511 1879 nominibus
1545 1825 1738 1879 saltem
1774 1824 2056 1878 cumbricis
2080 1823 2404 1894 quibusdam
2427 1825 2642 1877 numeri
2667 1825 2923 1895 pluralis.

573 1909 821 1974 achinam,
843 1910 1026 1979 glossa
1048 1911 1289 1964 solitaria
1312 1911 1369 1963 in
1393 1911 1657 1980 margine,
1686 1910 1774 1963 cui
1798 1928 1829 1964 e
1850 1911 2075 1980 regione
2097 1917 2389 1963 occurrunt
2409 1909 2521 1962 duo
2545 1911 2717 1964 verba
2734 1933 2750 1965 1
2781 1930 2929 1966 com-

573 2005 727 2049 muto
763 1997 962 2061 locum,
1003 2005 1059 2050 et
1092 1997 1257 2050 lanio.
1310 1997 1651 2050 concordare
1685 1996 1904 2050 videtur
1936 1995 2066 2048 hod.
2106 1995 2353 2064 edsynas,
2393 1993 2576 2059 abibo,
2617 1996 2923 2063 discedam,

575 2082 664 2135 cui
687 2089 868 2135 tamen
895 2100 1018 2135 cum
1042 2083 1134 2136 vix
1159 2100 1269 2136 non
1295 2081 1472 2135 subsit
1493 2081 1722 2152 simplex
1745 2081 1957 2151 myned,
1985 2080 2081 2144 ire,
2102 2097 2201 2151 pro
2224 2097 2290 2132 eo
2314 2081 2545 2134 conferri
2569 2082 2783 2151 poterit
2808 2083 2923 2137 hib.

577 2167 746 2219 bem‘m
777 2166 982 2236 (caedo,
1010 2166 1188 2237 serio).

717 2252 816 2322 (5·)
858 2251 1244 2323 taquelqm'liat,
1273 2252 1329 2305 in
1365 2253 1552 2306 codice
1589 2250 2099 2322 hqmlqmlquiliat,
2129 2251 2435 2306 subnotatis
2458 2260 2641 2306 tamen
2669 2253 2780 2307 sub
2801 2253 2930 2324 quel

575 2339 633 2393 in
670 2339 850 2391 media
883 2356 1015 2392 voce
1052 2338 1268 2408 punctis
1296 2338 1624 2392 delentibus.
1674 2340 1878 2392 Textus
1902 2337 2163 2408 Eutychii
2187 2338 2243 2390 in
2268 2337 2371 2391 hoc
2395 2337 2516 2390 1000
2541 2337 2777 2391 exhibet
2799 2338 2926 2392 sub-

575 2425 810 2478 stantiva
844 2423 1132 2477 terminata
1167 2422 1224 2475 in
1260 2423 1393 2474 -ium
1432 2423 1676 2477 derivata
1709 2442 1740 2477 e
1773 2424 1970 2488 verbis,
1999 2424 2140 2476 inter
2174 2423 2307 2476 haec
2330 2423 2389 2475 in
2412 2422 2549 2475 fine:
2578 2423 2742 2493 justo
2760 2424 2926 2494 justi-

574 2513 731 2574 tium,
775 2527 935 2563 cerno
974 2507 1324 2563 silicernium.
1375 2509 1773 2580 Interpretatur
1804 2508 2076 2577 glossator
2108 2510 2287 2562 subst.
2325 2508 2682 2574 silicernium,
2714 2509 2925 2580 signifi·

577 2612 704 2650 cans
729 2594 952 2666 epulum
974 2594 1219 2658 funebre,
1243 2593 1540 2647 secundum
1566 2611 1786 2648 sensum
1812 2594 2041 2648 duarum
2066 2594 2299 2666 partium
2324 2593 2643 2664 compositi3
2675 2602 2765 2649 est
2782 2596 2926 2649 enim

577 2690 634 2735 et
667 2682 830 2734 hodie
867 2680 977 2751 adj.
1008 2679 1179 2743 lowel,
1207 2679 1390 2743 silens,
1420 2681 1767 2750 tranquillus,
1796 2688 1853 2733 et
1876 2681 2050 2733 subst.
2074 2680 2330 2750 quln‘ad,
2358 2680 2515 2744 visin,
2546 2698 2576 2732 e
2603 2680 2763 2733 verb.
2787 2700 2926 2751 ywe-

577 2768 677 2831 led,
706 2767 908 2831 videre,
936 2766 1015 2818 ita
1049 2773 1113 2818 ut
1147 2764 1221 2818 sit
1259 2765 1628 2835 tamlwyliad‚
1657 2765 1933 2836 adspectio
1972 2766 2155 2819 silens.
2183 2782 2324 2828 carr,
2352 2782 2541 2817 carrus
2565 2766 2716 2835 apud
2745 2767 2924 2830 caea„

577 2853 724 2906 unde
762 2857 994 2915 carrata,
1027 2851 1273 2914 carrada,
1301 2850 1339 2903 i.
1372 2868 1421 2902 e.
1449 2857 1664 2903 tantum
1702 2859 1968 2920 quantum
2004 2850 2150 2920 capit
2185 2867 2387 2914 carrus,
2416 2850 2474 2904 in
2513 2850 2720 2905 chartis
2759 2851 2927 2905 medii

579 2938 697 2991 aevi
727 2937 802 3007 (p.
833 2936 975 3005 807),
1005 2953 1100 2987 ear
1122 2937 1258 3005 Leg.
1287 2938 1339 2989 2.
1373 2939 1419 2986 l.
1449 2940 1478 2986 4
1506 2947 1561 2988 et
1584 2936 1766 2988 hodie.

718 3022 819 3092 (5¹³)
858 3022 1128 3085 mor-bran,
1156 3021 1287 3073 hod.
1314 3024 1562 3091 ntorsran
1579 3041 1597 3078 .-
1636 3021 1849 3074 hibern.
1865 3027 1974 3073 vet.
2000 3019 2279 3072 muirbran
2304 3018 2401 3089 (gl.
2421 3023 2658 3093 merges)
2687 3022 2788 3093 Sg.
2814 3025 2923 3088 55¹»,

578 3109 616 3160 i.
646 3126 694 3160 e.
723 3125 915 3160 corvus
939 3106 1198 3170 marinus,
1227 3121 1464 3176 compos.
1494 3123 1524 3158 e
1547 3123 1682 3170 mor,
1708 3122 1871 3169 mare,
1899 3113 1955 3158 et
1980 3104 2131 3169 bran,
2162 3123 2372 3158 corvus.
2412 3106 2630 3172 elutum,
2660 3115 2839 3174 struo,
2867 3117 2929 3161 ut

579 3194 721 3247 infra
755 3193 1016 3262 οῑαίφιοά,
1046 3200 1241 3246 strues.
1294 3191 1639 3246 concordant
1674 3190 1921 3244 hodiem.
1956 3190 2157 3243 cambr.
2184 3190 2405 3255 cludam,
2434 3190 2643 3256 afferre,
2674 3210 2926 3247 accumu-

578 3280 690 3332 lare
706 3318 720 3343 ,
764 3277 1022 3347 cludedc‘q,
1059 3277 1430 3331 accumulatus
1446 3315 1460 3340 ,
1499 3275 1696 3341 cluder,
1738 3275 1988 3330 cumulus
2006 3315 2020 3341 ,
2058 3275 2379 3340 cludein’aw,
2409 3275 2687 3347 colligere,
2717 3286 2779 3332 et
2812 3297 2927 3349 ger·

579 3381 724 3418 man.
763 3371 872 3417 vet.
913 3363 1156 3427 hlothan,
1200 3362 1331 3415 hod.
1377 3362 1548 3426 leden,
1592 3369 1816 3427 struere,
1859 3361 2218 3415 accumulare.
2257 3361 2693 3431 doquohintiliat,
2738 3364 2925 3417 addito

580 3467 742 3519 super
765 3466 952 3502 vocem
977 3448 1200 3501 latinam
1221 3448 1473 3518 scriptam
1496 3448 1552 3500 in
1574 3448 1759 3502 codice
1778 3448 2043 3512 incedam,
2063 3446 2400 3516 significatur
2417 3446 2746 3512 ambulator,
2768 3449 2816 3502 is
2837 3450 2928 3523 qui

580 3534 802 3588 incedit.
845 3533 1027 3586 Radix
1059 3533 1226 3597 vocis,
1255 3533 1325 3585 ab
1361 3540 1593 3603 utraque
1628 3541 1779 3603 parte
1815 3531 2205 3602 compositione
2240 3539 2296 3584 et
2333 3531 2669 3586 derivatione
2694 3536 2926 3588 multum

578 3620 772 3683 velata,
814 3626 897 3672 est
929 3618 1049 3671 kint
1077 3617 1226 3687 (hod.
1267 3618 1466 3672 cambr.
1508 3621 1661 3689 hynt,
1700 3627 1810 3674 vet.
1848 3618 1966 3672 hib.
2004 3619 2101 3682 abt,
2130 3617 2284 3685 goth.
2312 3616 2501 3681 sinths,
2532 3617 2667 3689 via).
2722 3619 2877 3673 Licet
2898 3635 2927 3670 e

581 3705 754 3758 subst.
783 3705 885 3756 hoc
924 3702 982 3755 in
1019 3702 1124 3755 -ae'at
1149 3702 1224 3772 (p.
1255 3704 1378 3773 806)
1419 3705 1687 3775 conjicere
1720 3704 1869 3758 verb.
1908 3703 2213 3757 derivatum
2247 3719 2464 3772 quoque
2501 3703 2925 3773 doqnoltintilam

581 3790 668 3843 vel
701 3787 1142 3859 doquohintiliam
1159 3827 1172 3853 ,
1212 3788 1405 3841 incedo
1419 3827 1434 3852 ,
1472 3788 1905 3861 decompositum
1940 3795 2005 3842 ut
2039 3804 2204 3860 supra
2226 3787 2447 3841 obvium
2471 3789 2922 3856 doquomn'suram.

580 3877 758 3940 Patet,
784 3876 833 3929 si
854 3875 1033 3928 locum
1055 3872 1317 3945 Eutychii
1336 3873 1654 3943 inspicimus
1683 3874 2091 3944 (enumerantur
2112 3871 2381 3944 adjectiva
2402 3872 2650 3926 derivata
2672 3891 2704 3927 e
2730 3875 2920 3937 verbis,

581 3968 647 4014 ut
680 3960 880 4031 praedo
917 3960 1218 4030 praeduus,‘
1238 3977 1400 4013 cerno
1423 3977 1657 4013 cernuus
1683 3959 1835 4030 etc.),
1865 3957 2155 4028 glossatori
2187 3958 2244 4012 in
2274 3969 2511 4011 mentem
2535 3960 2757 4014 venisse
2781 3958 2920 4014 verb.

583 4047 789 4111 cedere,
819 4046 1067 4100 incedere
1092 4047 1163 4100 ob
1191 4046 1539 4117 scriptionem
1562 4045 1767 4099 codicis
1791 4045 1913 4098 codo
1935 4042 2184 4096 ine-edum
2206 4060 2305 4113 pro
2328 4043 2503 4107 mdo,
2529 4043 2839 4110 incaeduus,
2864 4052 2923 4096 ut
2996 4117 3003 4121 ἢ

584 4131 723 4185 infra
753 4148 959 4201 ¹‹Ji-ecus,
985 4150 1174 4202 qrecor
1207 4150 1305 4202 pro
1336 4147 1593 4201 maccus,-
1630 4147 1741 4183 non
1777 4137 1863 4183 est
1895 4129 2038 4182 enim
2076 4129 2220 4199 apud
2255 4136 2462 4182 veteres
2498 4128 2796 4199 scriptores
2819 4128 2918 4198 adj.

584 4217 865 4282 incedam,
895 4218 992 4270 sed
1016 4218 1330 4280 incaeduus,
1355 4234 1402 4269 e.
1427 4234 1509 4286 gr.
1539 4216 1675 4269 silva
1697 4214 1979 4279 incaedua,
1998 4231 2135 4284 quae
2159 4231 2269 4266 non
2295 4213 2556 4268 caeditur.
2596 4216 2915 4276 dammam,

583 4304 726 4373 1030,
757 4304 904 4357 verb.
934 4303 1149 4356 denom.
1179 4319 1208 4354 e
1233 4319 1396 4372 supra
1420 4301 1582 4354 obvio
1607 4301 1750 4365 dadl,
1779 4300 1911 4364 dau,
1940 4299 1979 4352 i.
2001 4317 2049 4352 e.
2077 4299 2241 4363 datol,
2264 4298 2578 4369 significans
2609 4299 2759 4352 idem
2783 4297 2919 4371 quod

582 4388 794 4441 hibern.
821 4396 932 4442 vet.
959 4387 1272 4458 rechtaiqim
1300 4387 1399 4458 (31.
1427 4386 1551 4456 1030
1574 4403 1608 4438 a
1631 4384 1740 4455 lex)
1768 4386 1862 4456 Sg.
1883 4386 1975 4439 60⁸
2002 4403 2032 4437 e
2055 4385 2230 4438 subst.
2255 4385 2419 4438 recht.
2455 4402 2627 4454 quer-y
2654 4384 2693 4436 l.
2713 4382 2915 4444 celnwd,

579 4492 747 4542 quer-y
773 4475 855 4527 vel
873 4475 1082 4538 celmed,
1112 4473 1380 4543 adjectiva
1399 4489 1568 4541 quem
1597 4470 1672 4541 (p.
1707 4476 1787 4535 14,
1817 4471 1981 4541 not.),
2019 4471 2216 4524 celmed
2234 4496 2301 4515 =
2327 4470 2456 4523 hod.
2485 4470 2719 4539 eelsydd,
2748 4478 2912 4540 aptus,
