3150 5242
786 395 868 456 V.
908 399 969 456 2.
1047 413 1501 456 nEcoMPosr'rA
1534 412 1969 456 BmTANNch.
2421 390 2545 453 877

400 562 570 625 TRA
601 565 829 645 (trans)
860 563 931 625 in
960 565 1103 626 adv.
1147 565 1382 627 cambr.
1427 563 1764 649 trachqun
1796 566 2012 646 (retrO,
2050 562 2334 643 iterum),
2374 569 2547 625 tran-

249 667 408 731 noeth
437 670 664 750 (mane,
700 680 845 751 post
873 673 1153 752 noctem)
1179 671 1356 733 Mab.
1385 670 1474 753 fq.
1533 670 1652 733 Est
1680 668 2033 732 intensivae
2064 666 2548 751 significationis

249 773 306 835 in
343 774 456 856 adj.
491 775 638 837 hod.
676 775 957 858 traqwiw
990 777 1362 857 (admodum
1405 775 1663 858 dignus,
1713 774 2082 856 excellens),
2122 773 2381 859 tratlzyn
2413 774 2548 853 (ad-

245 881 477 943 modum
510 881 738 957 tenuis,
775 881 1070 963 nitidus).
1136 882 1239 943 Ad
1271 882 1438 944 hanc
1467 882 1570 944 vel
1602 892 1973 964 sequentem
2000 880 2379 963 particulam
2409 901 2549 963 per-

245 985 382 1049 tinet
407 1008 629 1053 armor.
669 996 903 1050 tremen
935 987 1259 1070 (transire)
1292 986 1465 1049 Buh.
1505 995 1610 1064 90,
1652 993 1762 1048 19(
1794 991 1896 1063 92,
1936 994 1996 1049 4.
2037 995 2097 1049 5.

387 1093 559 1156 TRE
591 1098 781 1177 (per),
826 1093 1028 1157 forma
1056 1116 1272 1178 praep.
1319 1093 1461 1170 troi,
1494 1102 1653 1178 trwy
1685 1091 1756 1153 in
1784 1092 2273 1175 compositione:
2315 1102 2549 1177 treorq-

241 1196 333 1260 tim
362 1200 471 1282 (gl.
507 1201 783 1283 perforo)
815 1199 886 1261 in
913 1199 1141 1282 glossis
1173 1201 1487 1264 Luxemb.
1549 1200 1634 1262 In
1664 1198 1987 1262 hodiernis
2019 1199 2348 1263 cambricis
2381 1221 2548 1262 com-

238 1305 430 1385 positis
458 1301 613 1390 ‘tryn
1978 1378 1983 1384 .

381 1413 505 1476 YN
528 1433 689 1497 'raro
731 1411 915 1475 obvia
958 1422 1055 1475 est
1093 1411 1165 1474 in
1208 1411 1686 1495 compositione,
1737 1434 1794 1474 e.
1829 1433 1925 1494 gr.
1973 1411 2044 1473 in
2084 1412 2257 1474 verb.
2304 1413 2542 1475 cambr.

231 1518 502 1599 ynpedoli
543 1521 655 1600 (p.
697 1521 879 1599 787).
962 1517 1370 1580 Hodiernum
1417 1518 1617 1581 subst.
1667 1519 1863 1602 ynfer
1911 1517 2197 1599 (inlatio,
2249 1516 2292 1579 i.
2343 1538 2398 1579 e.
2450 1518 2547 1580 in-

231 1621 440 1700 fluxuS,
478 1625 752 1699 ostium3
786 1656 874 1676 ==
901 1624 1066 1707 gael.
1103 1624 1341 1700 inbhir‚
1385 1624 1454 1686 in
1496 1623 1757 1687 nomine
1797 1623 2188 1699 Inbhirneis‘,
2226 1623 2399 1705 angl.
2434 1625 2546 1687 In-

228 1749 469 1806 verneSS,
519 1729 744 1814 oppidi
783 1729 1089 1813 principis
1133 1729 1481 1794 Gaelorum
1521 1732 1603 1793 ad
1644 1729 1880 1793 ostium
1924 1731 2194 1809 Nessae)
2227 1728 2548 1812 significat

227 1830 373 1895 idem
414 1837 584 1917 quod
630 1857 780 1898 cum
824 1835 966 1899 aliis
996 1835 1572 1920 praepositionibus
1604 1836 1952 1920 composita
1982 1858 2140 1919 aper
2171 1838 2284 1918 (=
2313 1837 2541 1919 ather),

225 1936 453 2022 kemper
482 1944 598 2024 (==
630 1942 898 2024 cember)
928 1942 1459 2026 jammemorata.

993 2216 1079 2278 D.
1143 2216 1745 2299 Decomposita.

365 2424 730 2489 Nominum
770 2424 963 2487 trium
1001 2424 1104 2487 vel
1145 2435 1416 2506 quatuor
1457 2423 1949 2506 compositorum
1981 2424 2272 2521 exempla
2301 2424 2410 2488 vix
2440 2447 2540 2490 oc-

216 2542 482 2609 currunt,
533 2529 668 2593 nisi
713 2542 865 2593 sunt
904 2521 1072 2594 inter
1116 2530 1425 2613 adjectiva
1467 2530 1795 2593 cumulata
1836 2531 1948 2593 illa
1991 2534 2083 2614 (p.
2124 2534 2312 2615 863),
2348 2554 2408 2624 e:
2438 2554 2536 2615 gr.

214 2625 1063 2723 cdtuarolzffivenuolldrwt,
1102 2637 1420 2700 catucirch
1435 2637 1946 2722 ffroenvolldrut
1974 2639 2149 2701 Mab.
2190 2644 2252 2714 2,
2293 2646 2395 2701 40.
2430 2646 2533 2702 65.

211 2763 285 2824 yn
325 2743 612 2807 llidiawc
658 2746 809 2807 drut
836 2743 1343 2829 yyflymwychyr
1366 2743 1932 2830 yreulawnffyryf
1950 2750 2010 2820 2,
2051 2751 2154 2807 51.
2220 2743 2540 2828 Frequen-

213 2846 353 2911 tiora
396 2861 461 2913 et
503 2849 718 2913 multo
758 2849 1062 2931 gravioris
1106 2850 1417 2913 momenti
1448 2873 1642 2933 quam
1671 2849 1983 2933 ejusmodi
2012 2861 2186 2927 sunt,
2223 2861 2298 2914 ut
2328 2851 2537 2914 hiber-

210 2953 356 3031 nica,
391 2957 589 3020 etiam
622 2955 998 3031 britannica,
1035 2956 1407 3038 praesertim
1438 2955 1773 3033 cambrica,
1807 2956 2176 3041 composita,
2207 2957 2276 3020 in
2307 2957 2538 3041 quibus

209 3079 423 3125 nomen
453 3063 559 3125 vel
590 3062 858 3124 verbum
885 3062 1274 3143 praecedunt
1304 3064 1466 3125 duae
1496 3062 1601 3125 vel
1628 3062 1842 3145 plures
1872 3063 2242 3146 particulae.
2265 3039 2278 3061 ¹

469 3343 525 3402 1.
599 3337 1170 3421 Decomposita
1213 3360 1386 3401 cum
1431 3340 1743 3402 duabus
1786 3338 2258 3421 particulis.

359 3540 522 3615 AM,
560 3540 727 3601 YM.
767 3539 1080 3620 (co-YM
1122 3541 1448 3624 (φτ-μην,
1497 3539 1794 3625 ced-ym-,
1843 3542 2200 3624 σφωε-μην)
2247 3540 2314 3603 in
2346 3563 2539 3625 supra

206 3642 398 3709 allatis
440 3645 884 3731 kytymbortlz,
934 3645 1448 3730 kedymdeitkaS,
1497 3643 1975 3727 kankymdeitk.
2042 3646 2528 3710 GUOR-YM:
2655 3657 2666 3664 '

199 3752 592 3835 yorymdeith.
625 3751 988 3835 (processio,
1018 3751 1393 3834 ambulatio)
1419 3752 1596 3813 Mab.
1632 3757 1689 3827 1,
1723 3756 1825 3814 21.
1857 3758 1962 3813 27.
2015 3752 2330 3829 Do-AM,
2366 3763 2536 3815 tran-

205 3854 359 3919 siens
401 3858 473 3921 in
518 3858 718 3920 DAM
761 3860 885 3940 (=
927 3857 1175 3920 hibern.
1224 3868 1352 3920 vet.
1404 3856 1739 3934 do-imm-,
1791 3858 2079 3939 tinem->t
2131 3880 2207 3922 ae
2249 3860 2536 3945 damyyl-

203 3959 490 4049 ehynwys
525 3963 971 4046 (circumdedit
1015 3966 1185 4046 earn)
1217 3964 1394 4027 Mab.
1436 3970 1495 4039 3,
1536 3969 1684 4025 297.
1750 3964 1832 4025 In
1872 3962 2092 4026 lexicis
2135 3963 2293 4027 item
2321 3987 2535 4029 occur-

201 4081 344 4132 runt
372 4069 687 4134 formulae
719 4071 917 4146 dam-,
947 4071 1124 4156 dym-
1157 4073 1272 4152 (=
1296 4072 1566 4155 dy-a'm-,
1598 4071 1874 4154 dy-ym-)
1902 4068 2336 4151 significantes
2367 4070 2535 4135 idem

200 4177 361 4254 quod
391 4176 715 4259 simplices
746 4198 900 4250 am-,
929 4198 1086 4262 ym-,
1118 4176 1504 4240 contrarium
1536 4187 1751 4239 tamen
1775 4174 2030 4250 di-am-,
2061 4176 2290 4262 di-ym·
2317 4178 2379 4258 (e
2411 4177 2530 4254 dat,

199 4278 322 4362 de).
390 4284 729 4370 Praeterea
768 4284 1039 4368 ad-ym·,
1082 4282 1453 4368 qwrtlz-ym—
1473 4310 1494 4345 .·
1542 4281 1839 4366 adymlid
1880 4280 2141 4362 (iterum
2184 4284 2530 4366 persequi),

188 4385 594 4471 'adymweled
620 4388 995 4473 (revisitare,
1029 4389 1264 4452 iterum
1293 4388 1503 4452 videre
1535 4388 1858 4468 invicem),
1891 4388 2372 4474 qwrthymladd
2398 4392 2536 4473 (op-

197 4494 560 4577 pugnatio).
