3150 5242
675 373 837 433 1014
927 390 1296 434 Arranmx.
1359 389 1686 433 srsscmms
1722 388 1973 433 con1c1s
2007 388 2362 432 nissnamcl
2396 387 2725 432 muscum
2757 388 2847 431 se.

670 553 916 626 partem
973 540 1142 604 vocis
1184 539 1446 603 habent.
1522 539 1792 603 Vocales
1837 536 2030 602 etiam
2075 540 2248 621 apud
2289 538 2551 603 Latinos
2594 559 2805 602 omnes
2842 547 2972 600 sunt

673 644 1020 731 ancipites⁹
1075 646 1177 709 vel
1238 644 1553 728 liquidae,
1579 641 1631 682 ¹⁰
1693 645 1813 708 hoc
1877 655 2004 721 est,
2063 667 2225 727 quae
2275 644 2460 708 facile
2508 645 2694 708 modo
2743 643 2974 727 produci

673 756 860 818 modo
891 751 1120 836 corripi
1148 762 1439 836 possunt,
1476 751 1643 815 sicut
1672 751 1866 814 etiam
1896 752 2067 835 apud
2097 750 2573 834 antiquissimos
2603 761 2780 814 erant
2806 749 2973 814 Grae-

672 878 891 921 corum
935 868 1084 921 ante
1130 856 1567 921 inventionem
1610 881 1651 943 η
1690 867 1755 921 et
1794 879 1872 933 ω,
1892 855 1940 890 ¹¹
1985 857 2216 940 quibus
2261 857 2540 921 inventis
2585 880 2618 921 ε
2658 868 2723 920 et
2751 878 2809 933 ο,
2843 878 2975 939 quae

673 975 822 1027 ante
851 962 1211 1048 anticipites
1254 972 1470 1039 erant,
1491 959 1542 998 ¹²
1586 959 2095 1027 remanserunt¹³
2137 975 2443 1048 perpetuo
2486 966 2745 1040 breves,
2766 961 2817 996 ¹¹
2857 984 2977 1026 cum

673 1090 890 1134 earum
933 1071 1385 1154 productarum
1429 1070 1568 1132 loca
1609 1090 1900 1151 possessa
1941 1069 2163 1135 sunt¹⁵
2205 1094 2242 1135 a
2284 1069 2665 1154 supradictis
2696 1068 2978 1133 vocalibus

675 1198 921 1260 semper
963 1175 1196 1258 longiS.
1220 1174 1240 1209 ¹
1318 1176 1488 1238 Sun‘t
1529 1175 1725 1238 etiam
1768 1175 1838 1239 in
1881 1178 2382 1242 consonantibus
2426 1177 2696 1260 longae,
2743 1187 2815 1238 ut
2850 1185 2979 1257 puta

674 1282 960 1365 duplices
1002 1304 1045 1344 x
1088 1294 1152 1346 et
1181 1305 1236 1345 z.
1304 1281 1487 1345 Sicut
1535 1281 1709 1344 enim
1744 1282 1974 1365 longae
2018 1284 2289 1360 vocaleS,
2326 1283 2416 1347 sic
2445 1283 2569 1345 hae
2600 1302 2844 1365 quoque
2869 1281 2978 1343 lon·

674 1411 822 1472 gam
862 1388 1108 1452 faciunt
1152 1388 1482 1471 syllabam.
1549 1388 1720 1452 Srmt
1758 1390 2050 1454 similiter
2079 1390 2391 1474 ancipites
2421 1390 2524 1453 vel
2554 1388 2848 1472 liquidae,
2879 1385 2979 1449 utl

677 1507 741 1558 et
781 1518 833 1572 r,
872 1517 1033 1578 quae
1076 1496 1264 1558 modo
1310 1495 1568 1577 longam
1613 1497 1802 1559 modo
1846 1499 2099 1562 brevem
2127 1508 2275 1581 post
2302 1507 2516 1560 mutas
2546 1495 2790 1579 positae
2816 1493 2877 1555 in
2902 1513 2978 1554 ea-

675 1604 821 1666 dem
854 1602 1096 1686 syllaba
1125 1588 1370 1665 faciunt
1401 1601 1734 1683 syllabam.
1799 1602 1927 1666 His
1960 1603 2219 1685 quidam
2250 1604 2499 1666 addunt
2529 1624 2666 1666 non
2694 1599 2979 1664 irrationa-

675 1709 887 1772 biliter
928 1731 994 1771 m
1033 1719 1098 1771 et
1127 1731 1195 1785 n,
1232 1708 1381 1790 quia
1412 1708 1586 1791 ipsae
1616 1730 1869 1792 quoque
1899 1731 2267 1773 communes
2296 1709 2546 1773 faciunt
2578 1708 2843 1792 syllabas
2869 1713 2983 1788 post

675 1825 887 1877 mutas
946 1814 1225 1898 positae,
1282 1816 1451 1897 quod
1511 1814 1904 1878 diversorum
1957 1818 2371 1879 confirmatur
2421 1815 2799 1879 auctoritate
2847 1805 2981 1875 tam²

677 1922 1067 1985 Graecorum
1110 1916 1343 2003 quam8
1390 1922 1789 1985 Latinorum.
1855 1923 2125 1986 Ovidius
2170 1922 2237 1985 in
2270 1921 2516 1985 decimo
2549 1917 2982 2001 Metamorpho-

676 2048 862 2090 seon:
916 2027 1368 2110 Piscosamque
1409 2028 1671 2091 Gnidon
1691 2077 1709 2104 ,
1758 2028 2211 2111 gravidamque
2251 2027 2664 2091 Amathunta
2720 2024 2977 2091 metallis,

677 2132 1016 2216 Euripides
1055 2133 1124 2196 in
1169 2133 1574 2197 Phoenissis:
1625 2128 1906 2221 Ἰσότητ’
1956 2130 2145 2212 ἔταξε
2189 2126 2331 2197 κατ’
2380 2126 2683 2219 ἀριθμὸν
2727 2127 2978 2216 διώρισε.

677 2240 858 2303 Idem
901 2239 970 2303 in
1001 2239 1261 2303 iisdem:
1305 2234 1824 2321 Ἀπωλόμεσθα,
1857 2236 1994 2304 δύω
2024 2236 2207 2304 κακὼ
2238 2235 2574 2319 σπεύδεις,
2609 2236 2844 2304 τέκνον.
2896 2237 2981 2297 In-

674 2346 932 2409 venitur
972 2356 1186 2410 tamen
1232 2347 1425 2410 etiam
1467 2345 1578 2410 m*
1619 2358 1769 2410 ante
1809 2370 1854 2410 n
1897 2346 2203 2431 positum,
2239 2368 2358 2409 nec
2388 2348 2749 2429 producens
2777 2355 2908 2408 ante
2932 2361 2982 2404 se

675 2453 958 2516 vocalem
997 2475 1171 2516 more
1214 2464 1560 2516 mutarum.
1628 2452 2094 2517 Callimachus:
2148 2448 2298 2528 Τιῦς
2323 2449 2445 2533 μὲν
2485 2446 2525 2516 ὃ
2557 2446 2981 2538 Μνησάρχειος

679 2553 809 2648 ἔφη
840 2555 1022 2637 ξένος
1052 2547 1185 2623 ὦδε
1215 2562 1519 2624 συναινῶ.
2088 2621 2121 2630 ,4

844 2668 1004 2750 Cap.
1043 2667 1164 2730 IV.
1229 2668 1424 2750 Apud
1468 2666 1944 2750 antiquissimos
1976 2667 2368 2730 Graecorum
2403 2687 2537 2729 non
2570 2667 2718 2750 plus
2749 2660 2981 2734 sedecim

673 2782 854 2835 erant
887 2772 1129 2848 literae,
1166 2772 1399 2855 quibus
1430 2774 1510 2835 ab
1538 2772 1668 2835 illis
1698 2773 1973 2856 acceptis
2004 2771 2223 2835 Latini
2253 2771 2710 2854 antiquitatem
2738 2786 2981 2835 servave-

674 2888 828 2940 runt
868 2890 1263 2960 perpetuam.
1281 2875 1309 2911 ⁵
1367 2880 1540 2942 Nam
1585 2878 1640 2941 si
1684 2878 2009 2942 verissime
2053 2878 2322 2941 velimus
2364 2877 2683 2961 inspicere
2726 2896 2844 2952 eaS,
2885 2872 2980 2934 hoc

677 2994 794 3060 est,
824 2969 1121 3060 sedecim,
1151 3006 1282 3047 non
1312 2985 1459 3068 plus
1492 2985 1652 3048 duas
1683 2985 1930 3048 additas
1962 2984 2032 3047 in
2054 2983 2256 3047 latino
2278 2983 2684 3048 inveniemus
2709 2997 2975 3046 sermone.

673 3091 737 3152 -f
769 3101 865 3153 est
894 3086 1248 3153 aeolicum⁶
1279 3089 1623 3172 digamma,
1641 3089 1667 3122 ⁷
1698 3086 1911 3174 quod8
1939 3092 2110 3175 apud
2140 3089 2622 3173 antiquissimos
2647 3087 2978 3152 Latinorum

676 3199 944 3259 eandem
985 3196 1140 3272 vim,
1175 3217 1370 3278 quam
1409 3197 1583 3279 apud
1612 3197 1841 3260 Aeoles
1887 3196 2153 3272 habuit;
2189 3217 2338 3259 eum
2381 3207 2601 3261 autem
2643 3192 2875 3280 proprie
2900 3209 2975 3252 so-

678 3324 859 3378 num,
877 3299 904 3336 ⁹
946 3324 1137 3384 quem
1180 3324 1356 3364 nune
1391 3301 1585 3365 habet
1616 3304 1693 3379 F,
1729 3301 2128 3387 significabat
2156 3324 2200 3386 p
2231 3325 2379 3365 cum
2409 3301 2814 3386 aspiratione,
2844 3297 2975 3362 sicut

677 3407 869 3471 etiam
912 3410 1084 3491 apud
1122 3419 1364 3471 veteres
1397 3409 1674 3472 Graecos
1715 3431 1832 3492 pro
1874 3432 1926 3496 φ
1968 3432 2011 3493 p
2052 3421 2116 3473 et
2145 3409 2214 3472 h.
2234 3405 2287 3446 ¹⁰
2347 3410 2536 3474 Unde
2567 3430 2742 3473 nune
2770 3418 2975 3489 quoque

676 3514 746 3577 in
776 3513 1016 3597 graecis
1048 3514 1415 3577 nominibus
1446 3515 1779 3597 antiquam
1808 3515 2186 3598 scripturam
2215 3537 2538 3579 servamus
2561 3514 2611 3551 ¹¹
2658 3536 2769 3599 pro
2797 3533 2843 3598 φ
2866 3531 2903 3591 Ρ
2926 3514 2973 3567 et

676 3620 721 3682 h
749 3631 1083 3702 ponentes,
1114 3633 1188 3684 ut
1210 3621 1530 3703 Orpheus,
1560 3621 1924 3684 Phaethon.
1977 3624 2210 3685 Postea
2235 3642 2384 3684 vero
2398 3615 2450 3654 ¹²
2480 3620 2551 3683 in
2574 3619 2785 3685 latinis
2807 3609 2971 3681 verbis

820 3810 851 3858 9
892 3824 947 3857 .ι.
977 3806 1195 3873 etersot
1219 3809 1246 3855 7
1268 3806 1393 3873 quir
1501 3810 1562 3857 10
1604 3805 1682 3875 (in
1707 3809 1903 3878 marg.)
1937 3827 1994 3861 .1.
2021 3808 2106 3861 hit
2127 3807 2407 3861 lechdacha
2424 3807 2582 3859 lesom
2602 3806 2753 3860 intan
2767 3795 2968 3855 nddtoclt·

685 3896 764 3945 tat
786 3891 912 3944 aoht
933 3891 1023 3943 oin
1047 3889 1251 3943 aimsir.
1280 3890 1492 3960 &sollus
1516 3891 1636 3944 asin
1666 3898 1749 3945 tra
1774 3895 1921 3947 nand
1940 3895 2088 3948 αίηΐῆ
2113 3898 2141 3946 7
2168 3894 2315 3949 nand
2335 3893 2609 3948 cumachte
2633 3894 2769 3960 layas
2789 3888 2846 3941 do
2866 3880 2966 3936 lech·

681 3976 874 4047 daqaib
899 3977 1025 4029 aoht
1047 3975 1359 4029 ιέςαὶῆῑεεναᾶ
1379 3986 1540 4030 maffia

823 4067 879 4115 11
924 4081 980 4116 .1.
1021 4061 1260 4116 renairec
1296 4064 1382 4114 εἶτα
1421 4066 1449 4114 7
1479 4082 1521 4114 ω
1599 4066 1659 4116 12
1700 4081 1756 4116 .ι.
1786 4063 2053 4117 coito-hena
2089 4061 2229 4116 riam
2253 4064 2472 4132 etersot
2495 4067 2521 4115 7
2546 4062 2673 4133 yair
2743 4062 2796 4111 13
2832 4073 2877 4109 .1.
2900 4050 2963 4102 do·

680 4150 997 4203 ruarthatar
1072 4152 1132 4200 14
1161 4166 1218 4199 .1.
1248 4145 1361 4199 bith
1382 4147 1602 4215 yaz'rddi
1620 4152 1714 4201 sdn
1743 4166 1799 4201 .1.
1818 4167 1846 4201 e
1863 4151 1889 4199 7
1909 4167 1939 4199 ο
2014 4151 2074 4199 15
2104 4166 2161 4201 .ι.
2189 4146 2387 4201 indluic
2411 4147 2650 4202 himbia's
2666 4139 2849 4201 airdnkci
2861 4138 2961 4191 ·07⁰

825 4232 926 4305 (5b)
1006 4238 1026 4286 1
1073 4253 1129 4287 .1.
1161 4233 1272 4286 bith
1293 4226 1452 4301 fotai
1468 4232 1577 4286 eidi
1643 4236 1672 4285 2
1715 4252 1772 4286 .1.
1801 4233 1964 4290 emith
2032 4236 2062 4283 3
2101 4232 2265 4286 emitlz
2333 4237 2365 4286 4
2401 4233 2572 4287 ciizitlt
2594 4235 2710 4287 mnu
2771 4233 2799 4281 5
2832 4235 2959 4278 .1..511-

685 4320 834 4373 thuin
858 4321 979 4373 dam
1005 4321 1058 4374 la
1083 4318 1305 4373 luitnori
1324 4318 1499 4372 anisin
1571 4324 1603 4372 6
1642 4338 1698 4372 .1.
1727 4319 1884 4388 quasi
1897 4318 2116 4372 debuisset
2130 4319 2292 4390 niz-bu
2311 4319 2432 4373 liter
2448 4320 2546 4372 ade
2563 4336 2753 4373 conane
2815 4315 2839 4363 7
2868 4320 2957 4360 Μ·

684 4411 763 4458 ter
788 4407 873 4458 hic
896 4406 1164 4476 diqamma
1260 4407 1291 4458 8
1328 4405 1382 4459 ol
1472 4409 1502 4457 9
1539 4405 1699 4458 emith
1725 4403 1946 4473 infoqur
1968 4404 2110 4456 nisin
2200 4407 2261 4457 10
2300 4421 2356 4457 .1.
2385 4405 2527 4459 daei-5
2613 4408 2666 4456 11
2710 4419 2762 4454 .1.
2788 4384 2960 4460 ulapvd

682 4496 880 4544 ueteres
890 4491 1016 4558 fuit
1087 4496 1147 4544 12
1189 4510 1245 4543 .ι.
1275 4492 1327 4543 la
1352 4490 1629 4543 nuelitridi
2356 4489 2362 4494 ⁴
