3150 5242
601 387 973 432 APPENDIX.
1040 389 1372 433 SPECIMEN
1403 390 1655 434 CODICIS
1688 390 2045 435 HIBERNICI
2077 391 2195 435 ML.
2409 373 2571 435 1069

238 538 484 605 lentes⁹
526 550 732 615 vocat,
779 561 1051 621 quorum
1082 549 1178 603 est
1207 540 1398 622 plane
1430 543 1725 605 morbosa
1753 541 2143 626 conjunctio·
2209 543 2326 606 Est
2356 553 2574 606 autem

235 660 299 712 et
317 644 371 682 ¹⁰
410 645 822 730 pestilentiae
865 646 1227 728 proprium,
1276 648 1354 710 ab
1396 669 1528 709 uno
1569 646 1639 709 in
1683 649 1957 712 alterum
1998 651 2388 712 transeundo
2431 649 2575 711 infi-

235 752 437 818 cere¹¹
485 752 840 815 multorum
870 773 1133 835 corpora
1162 763 1354 835 atque
1383 748 1694 817 vitiare.¹²
1753 756 1905 819 Non
1937 755 2096 818 abiit
2128 777 2276 838 ergo
2305 755 2576 818 dicendo

236 881 590 924 consensus
633 858 1096 941 cogitationum
1134 858 1383 922 notavit
1400 908 1419 936 ,
1465 859 1699 943 quibus
1744 862 1824 923 ad
1864 883 2090 943 pravas
2134 847 2574 943 suggestiones

231 965 523 1049 rapimur
564 974 629 1026 et
672 964 740 1027 id
775 965 946 1047 quod
976 944 1236 1041 libuerit
1265 964 1528 1049 implere
1558 988 1992 1048 properamus.
2059 968 2249 1034 Quod
2278 990 2425 1031 vero
2457 968 2571 1045 ait,

232 1095 367 1136 non
400 1065 670 1147 stetit,¹3
699 1070 768 1132 in
800 1092 960 1155 opus
992 1070 1223 1133 exiisse
1253 1070 1497 1135 indicat
1528 1071 1596 1133 id
1620 1074 1793 1154 quod
1816 1071 2117 1155 cogitatio
2143 1084 2291 1137 ante
2317 1097 2575 1159 sugges·

232 1188 427 1254 serat,
457 1179 628 1260 quod
663 1186 815 1238 tunc
846 1176 1212 1260 implemuS,
1242 1199 1390 1240 cum
1419 1178 1698 1240 delectat
1727 1177 1797 1239 in
1823 1179 1964 1242 aliis
1990 1181 2283 1265 operibus
2308 1184 2576 1264 gradum

231 1288 434 1369 figere
467 1306 540 1346 ac
571 1281 823 1365 saepius
854 1282 1166 1345 restitare.
1234 1286 1358 1347 Per
1388 1284 1726 1347 cathedrae
1758 1295 1974 1347 autem
2005 1287 2349 1350 sessionem
2369 1285 2423 1320 ¹⁴
2469 1288 2579 1351 ille

232 1391 555 1473 signatur,
586 1389 699 1471 qui
728 1388 820 1451 ita
849 1389 1202 1451 delectatur
1232 1398 1296 1450 et
1325 1387 1666 1471 requiescit
1694 1371 1763 1450 in
1795 1392 1965 1453 mala
1988 1394 2474 1470 consuetudine,
2506 1405 2580 1457 ut

232 1495 503 1579 reliquis
535 1496 818 1579 ejusdem
850 1494 1045 1557 studii
1077 1494 1446 1558 hominibus
1479 1495 1617 1558 sine
1641 1496 1776 1558 ullo
1798 1497 2286 1563 verecundiaest⁵
2317 1498 2577 1565 miscea-

232 1615 343 1667 tur
391 1598 768 1684 adpensu.¹⁶
827 1602 1019 1669 Quod
1063 1622 1211 1664 vero
1254 1600 1596 1686 impiorum
1637 1601 1905 1664 consilia
1932 1602 2140 1685 ponit,
2174 1615 2580 1686 peccatorum

230 1733 386 1777 vero
419 1730 631 1791 opera,
668 1707 823 1771 satis
856 1710 936 1771 ad
968 1718 1313 1791 utrumque
1330 1705 1383 1742 ¹⁷
1426 1707 1724 1790 respexit.
1792 1708 2102 1791 Impietas
2133 1710 2306 1772 enim
2336 1712 2417 1773 ad
2440 1711 2577 1794 agi-

233 1817 548 1880 tationem
567 1808 621 1847 ¹⁸
659 1813 893 1876 mentis
935 1812 1213 1896 pertinet
1241 1823 1305 1877 et
1332 1828 1545 1876 motus
1569 1835 1708 1875 -non
1737 1824 1906 1876 recte
1937 1815 2187 1878 animae
2218 1815 2576 1893 sentientiS,

232 1930 578 2005 peccatum
616 1939 760 1981 vero
791 1918 861 1980 in
890 1940 1024 1981 rem
1054 1919 1220 1982 actio
1237 1916 1258 1952 ¹
1299 1915 1473 2003 jam²
1519 1921 1817 1982 deducta.
1878 1919 2172 1983 Tertium
2203 1924 2375 2003 quod
2404 1923 2579 1985 addi-

233 2028 357 2104 dit,
412 2025 716 2109 utrisque*
745 2020 1071 2108 subjecit,³
1115 2025 1419 2108 quoniam
1448 2047 1582 2088 non
1613 2025 1823 2088 solum
1850 2025 1921 2087 hi
1950 2027 2321 2108 pestilentes
2352 2051 2580 2092 vocan-

234 2146 369 2208 tur,
407 2131 520 2215 qui
562 2131 729 2194 male
776 2128 1157 2195 sentiendo4
1200 2141 1619 2215 corrumpunt
1658 2131 1934 2215 reliquos
1977 2144 2041 2196 et
2083 2132 2424 2197 societate³
2466 2157 2583 2199 sua
2679 2203 2683 2206 ,

231 2233 625 2324 perimunt,⁸
670 2259 891 2300 verum
938 2236 1130 2300 etiam
1160 2236 1257 2298 illi
1287 2235 1399 2320 qui
1429 2238 1573 2300 tabe
1604 2235 1947 2300 consortii⁷
1987 2240 2228 2302 bonum
2258 2260 2583 2304 conversa-

235 2344 437 2409 tionis
482 2364 634 2405 suae
677 2353 883 2405 rectae
926 2342 1311 2425 infringunt,
1348 2338 1629 2425 quibus⁸
1669 2344 1738 2405 in
1783 2340 2030 2407 totum⁹
2073 2366 2205 2407 non
2250 2345 2582 2408 admisceri

234 2462 336 2514 est
371 2449 491 2512 sibi
521 2447 760 2531 optime
792 2448 1206 2511 consulentis,
1267 2450 1351 2511 Et
1378 2448 1520 2511 ideo
1550 2442 1749 2526 hunc,
1779 2449 1890 2532 qui
1919 2472 2031 2532 per
2060 2450 2276 2513 omnia
2305 2451 2584 2514 declinat

235 2582 274 2623 a
306 2537 573 2631 talibus,
600 2556 860 2617 beatum
889 2553 1241 2638 praesentis
1270 2553 1503 2637 psalmi
1531 2554 1774 2617 lectura
1805 2555 2116 2633 definivit,
2147 2555 2259 2641 qui
2288 2556 2381 2619 ita
2403 2568 2582 2620 actus

237 2685 393 2727 suos
426 2660 880 2744 circumspicit,
925 2672 1000 2723 ut
1030 2660 1224 2723 etiam
1254 2660 1462 2724 aliena
1491 2660 1660 2723 mala
1691 2661 2136 2725 sollicitatione
2168 2663 2481 2738 declinet3
2520 2675 2583 2727 et

237 2790 412 2844 vere,
441 2777 518 2829 ut
556 2788 639 2829 ne
683 2765 907 2829 alienis
954 2765 1222 2829 maculis
1244 2761 1296 2799 ¹⁰
1341 2766 1578 2828 candor
1619 2788 1773 2829 suus
1815 2766 2185 2852 puritasque
2216 2768 2579 2846 fuscetur,¹¹

236 2872 550 2958 quoniam
583 2872 1004 2962 stendentibus
1049 2873 1130 2934 ad
1168 2865 1634 2935 beatitudinem
1676 2893 1808 2936 non
1851 2873 2090 2936 sufficit
2127 2877 2414 2938 recedere
2446 2886 2579 2938 tan·

238 2993 385 3043 tum
416 3002 455 3041 a
483 2977 692 3053 maIiS,
721 2979 832 3040 sed
855 2978 1048 3041 etiam
1071 2979 1240 3041 bona
1261 2978 1462 3041 facere
1487 2999 1744 3041 necesse
1768 2989 1884 3055 est,
1914 2978 2175 3043 inferius
2199 2981 2311 3044 ait.
2363 2982 2490 3045 Sed
2514 2982 2584 3044 in

236 3088 383 3168 lege
415 3083 660 3146 domini
690 3083 812 3145 fuit
842 3083 1160 3159 voluntas,
1191 3105 1393 3166 usque
1422 3083 1525 3146 die
1556 3105 1629 3145 ac
1652 3094 1860 3146 nocte.
1908 3085 1973 3147 N
1977 3107 2061 3146 on
2086 3087 2315 3162 solum,
2342 3087 2579 3169 inquit,

239 3192 462 3256 studet
502 3190 818 3252 malorum
857 3187 1173 3252 consortia
1212 3184 1615 3263 declinare,¹2
1659 3209 1882 3251 verum
1912 3190 2167 3253 assidua
2196 3203 2260 3255 et
2280 3192 2426 3276 jugi
2454 3216 2584 3257 me-

239 3296 555 3361 ditatione
584 3294 743 3378 legis
775 3294 983 3371 discit,
1014 3295 1268 3376 qualem
1298 3315 1364 3356 se
1394 3294 1664 3357 formare
1695 3294 2052 3357 conveniat.
2091 3297 2190 3359 -Et
2210 3309 2286 3360 ut
2307 3298 2585 3363 fructuo-

243 3425 391 3467 sum
422 3400 813 3483 hujusmodi,
845 3402 1017 3482 quod
1047 3400 1487 3462 commendare
1519 3400 1769 3476 nititur,
1806 3402 2029 3483 probet
2058 3403 2368 3481 studium,
2398 3404 2583 3467 indu-

242 3510 333 3573 cit
377 3501 953 3582 similitudinem,¹3
998 3527 1111 3589 per
1154 3526 1348 3588 quam
1391 3505 1593 3588 possit
1624 3506 1864 3569 bonum
1895 3505 2055 3589 ejus,
2102 3528 2292 3589 quem
2328 3512 2584 3574 beatum

387 3799 419 3847 9
459 3814 516 3847 .1.
549 3794 1053 3848 tez'dmlenamnachu

392 3884 453 3931 10
490 3878 577 3930 eid
671 3883 722 3931 11
754 3880 1003 3948 fri-more
1099 3882 1159 3931 12
1182 3879 1400 3946 sombia
1487 3885 1542 3933 13
1585 3882 1661 3953 (in
1686 3883 1881 3954 marg.)
1916 3901 1972 3935 .1.
2000 3882 2169 3937 izcstus
2196 3890 2223 3938 7
2253 3885 2363 3938 biid
2383 3904 2435 3939 n.
2465 3888 2586 3939 dam

246 3986 353 4020 am.
369 3964 763 4035 frasuqesserat
789 3984 847 4017 .1.
876 3984 927 4033 q.
957 3983 1011 4017 n.
1039 3971 1313 4033 suqeserat
1421 3970 1478 4018 14
1522 3968 1827 4021 trissasuide
1936 3972 1995 4020 15
2019 3971 2137 4037 se'le
2240 3976 2300 4024 16
2336 3974 2587 4024 cennach-

247 4052 448 4105 nastud
522 4053 578 4101 17
622 4068 678 4102 .1.
708 4051 926 4120 duqnim
954 4056 980 4101 7
1008 4050 1258 4102 imradud
1330 4054 1389 4102 18
1426 4052 1765 4109 duntimluad

393 4136 529 4206 (151³)
611 4140 632 4186 1
675 4135 790 4187 ishe'
810 4135 1015 4205 inqm'm
1113 4139 1149 4196 ρ2
1188 4135 1274 4188 eid
1374 4139 1403 4187 3
1441 4138 1769 4191 remee'rbart
1796 4158 1853 4192 .1.
1878 4143 2028 4209 quim
2055 4146 2082 4193 7
2110 4140 2360 4193 imradad
2460 4145 2489 4191 4
2530 4158 2585 4193 .1.

247 4220 571 4276 dintrindoti
596 4238 651 4272 .1.
682 4221 1007 4288 nephcretem
1032 4222 1148 4273 indi
1166 4221 1269 4273 ebir
1350 4225 1377 4272 5
1419 4220 1493 4272 tri
1514 4222 1861 4277 chamaitecht
1882 4224 2072 4276 donaib
2096 4225 2327 4295 inqraim
2397 4229 2428 4276 6
2465 4225 2590 4277 elir—

249 4309 431 4360 dibnet
498 4312 523 4358 7
567 4325 623 4358 .1.
653 4306 969 4358 ontedmaoe’n‘z
995 4305 1352 4359 indae-camut]
1420 4309 1449 4357 8
1486 4308 1821 4361 donaibhisin
1888 4314 1918 4361 9
1954 4310 2013 4361 in
2038 4312 2179 4364 huile

397 4396 457 4444 10
494 4410 550 4443 .1.
580 4393 646 4443 Ιιο
661 4389 876 4459 pecthib
900 4393 1036 4445 nack
1061 4392 1160 4444 uili
1231 4395 1286 4444 11
1321 4409 1378 4448 .1.
1405 4394 1791 4460 arnasurastar
1865 4398 1924 4445 12
1956 4413 2011 4446 .1.
2042 4394 2366 4465 imnimqaba
2441 4399 2498 4448 13
2531 4416 2586 4449 .1.

250 4476 540 4531 inchruinn
569 4476 784 4545 toirthiy
