3150 5242
612 358 738 421 624
864 416 867 419 .
1099 356 1220 420 IV.
1261 360 1321 417 2.
1379 341 1942 421 anrosrrtonns
1979 375 2451 421 BRITANNICAE.

610 526 913 591 articulo:
962 547 1047 589 an
1087 525 1393 609 uqhelder
1427 524 1643 609 ythese
1686 528 1794 607 (ex
1833 525 2172 589 altitudine
2212 529 2374 607 erat)
2411 534 2469 602 5,
2509 531 2570 588 2.
2618 549 2662 612 y
2690 517 2983 611 fethaff

615 632 808 717 treyis
839 654 923 696 an
954 632 1141 695 barth
1172 630 1396 716 dyhow
1428 634 1560 713 (ero
1590 631 1834 694 locatus
1865 654 1903 694 a
1930 642 2109 716 parte
2140 633 2426 714 dextera)
2463 637 2568 707 93,
2607 638 2667 695 3.

782 737 1141 803 Praemissa
1200 736 1524 820 adjectivis
1575 737 1957 821 praepositio
2011 737 2307 801 adverbia
2349 737 2703 819 significat:
2764 745 2964 822 notye

614 845 767 930 drys
811 865 897 906 an
939 843 1099 906 wlas
1142 865 1184 905 a
1228 864 1378 926 oya-3
1422 843 1550 926 hay
1581 865 1622 905 a
1653 843 1781 906 bell
1807 843 2159 924 (notificare
2188 864 2302 926 per
2330 852 2564 905 terram
2590 842 2960 926 propinque

610 960 677 1013 et
704 952 967 1030 remote)
1000 950 1079 1011 P.
1118 954 1265 1025 249,
1306 955 1366 1011 3.

783 1056 1047 1117 Formae
1077 1065 1298 1117 auctae
1326 1053 1810 1138 praepositionis
1840 1074 1987 1117 cum
2016 1051 2499 1136 pronominibus
2523 1052 2809 1115 suffixis:
2846 1075 2959 1116 ar-

611 1159 749 1224 luth
766 1182 906 1242 pan
942 1159 1179 1244 dyffris
1214 1158 1344 1223 thet
1362 1181 1513 1241 pow
1527 1161 1813 1245 predery
1843 1158 2310 1242 ahanaffqura
2342 1158 2647 1240 (domine,
2680 1158 2737 1220 si
2765 1160 2954 1222 venis

609 1265 681 1328 in
732 1265 1056 1347 regionem
1108 1276 1317 1341 tuam,
1365 1265 1571 1347 cogita
1624 1267 1702 1327 de
1752 1268 1882 1346 me)
1914 1266 2096 1329 Pass.
2139 1270 2282 1341 193,
2323 1269 2383 1327 2.
2442 1264 2692 1328 ahana-s·
2742 1264 2955 1350 ythew

530 1416 533 1421 -
608 1371 857 1455 serqus
890 1372 993 1453 (de
1025 1381 1087 1433 te
1118 1382 1214 1434 est
1244 1370 1580 1453 scriptum)
1619 1377 1720 1445 14,
1759 1374 1818 1431 2.
1869 1368 2098 1432 anetho
2128 1392 2170 1453 y
2195 1368 2429 1453 qerhas
2457 1391 2501 1454 y
2531 1370 2718 1454 enqff
2734 1372 2845 1451 (ab
2875 1391 2954 1433 eo

609 1475 876 1539 abstulit
917 1476 1223 1558 animam)
1264 1483 1404 1552 106,
1443 1482 1504 1538 4.
1553 1497 1702 1559 may
1747 1476 1908 1538 rollo
1954 1475 2092 1538 bres
2133 1475 2363 1559 anethy
2408 1477 2511 1556 (ut
2548 1476 2737 1539 ferret
2773 1476 2952 1559 judi-
2983 1546 2994 1553 ⁶

612 1581 784 1644 cium
814 1583 893 1644 de
923 1603 1020 1657 ea,
1048 1581 1382 1644 mulierem
1410 1581 1842 1662 adduxerunt)
1870 1584 1973 1656 32,
2005 1585 2066 1642 2.
2097 1602 2300 1664 φινεμ
2333 1581 2434 1644 the
2461 1603 2532 1644 re
2561 1581 2789 1645 anethe
2816 1603 2953 1645 mos

612 1688 757 1752 then
800 1688 915 1749 dre
944 1685 1121 1768 (fecit
1155 1685 1399 1770 aliquos
1430 1707 1508 1748 ex
1540 1686 1631 1748 eis
1661 1686 1751 1749 ire
1779 1686 1850 1748 in
1880 1685 2228 1769 civitatem)
2263 1691 2366 1763 27,
2405 1693 2465 1748 2.
2515 1709 2599 1749 an
2616 1709 2956 1772 prennyer

613 1793 717 1856 the
765 1791 1040 1876 wutkyll
1084 1812 1279 1855 crows
1332 1792 1557 1855 anethe
1602 1791 1807 1875 (ligna
1857 1793 1938 1854 ad
1988 1791 2343 1855 faciendam
2394 1813 2648 1855 crucem
2700 1814 2783 1856 ex
2828 1793 2950 1874 eis)

617 1898 759 1974 151,
801 1904 864 1958 4.
962 1884 965 1885 ἢ

782 2002 1094 2086 Exempla
1133 2004 1436 2066 armorica
1481 2026 1515 2066 e
1546 2004 1718 2067 Buh.
1744 2026 1758 2067 τ
1809 2006 1957 2068 duet
1998 2026 2040 2077 a
2082 2004 2217 2068 lech
2250 2027 2318 2069 se
2345 2027 2431 2068 na
2463 2005 2674 2068 daleet
2704 2005 2949 2086 (venite

610 2108 691 2170 ab
734 2107 856 2170 hoc
896 2108 1056 2184 loco,
1091 2131 1174 2171 ne
1221 2111 1490 2191 tardate)
1528 2115 1672 2186 138,
1715 2117 1814 2172 11.
1863 2132 1968 2173 ma
2008 2119 2270 2194 querent
2296 2132 2365 2173 so
2398 2118 2493 2173 tut
2511 2111 2654 2194 fler
2683 2134 2724 2175 a
2757 2112 2950 2174 brito-

609 2234 768 2297 nery
811 2236 853 2275 a
894 2214 1163 2278 neblanc
1191 2238 1232 2277 α
1265 2215 1318 2278 ti
1331 2214 1582 2298 piuizio
1612 2219 1932 2299 (parentes
1962 2216 2088 2278 mei
2119 2226 2271 2278 sunt
2302 2216 2590 2279 homines
2621 2216 2882 2299 superbi
2914 2238 2950 2279 e

612 2316 968 2394 Britannia,
1006 2341 1041 2381 e
1069 2321 1424 2396 nobilitate,
1461 2343 1495 2383 e
1526 2322 1714 2384 domo
1745 2321 1967 2403 divite)
2004 2329 2106 2398 36,
2139 2327 2242 2383 23.
2276 2328 2378 2398 38,
2416 2330 2549 2385 lca
2564 2322 2711 2404 pell
2736 2344 2950 2384 amser

613 2444 655 2484 a
687 2422 792 2484 ket
804 2426 1073 2504 pemdec
1106 2427 1282 2489 bloaz
1316 2429 1381 2507 (a
1410 2426 1763 2509 longinquo
1797 2438 2098 2511 tempore,
2134 2450 2172 2490 a
2203 2427 2407 2510 spatio
2436 2427 2803 2510 quindecim
2833 2449 2947 2490 an-

610 2549 875 2602 norum3
922 2551 963 2591 a
1006 2529 1131 2607 ket,
1169 2555 1205 2595 a
1246 2531 1671 2613 longitudine,
1708 2531 1857 2594 inde
1898 2536 1962 2614 a)
2002 2538 2099 2609 12,
2144 2539 2241 2595 15.
2286 2540 2385 2594 16.
2432 2554 2473 2594 a
2505 2540 2800 2614 truqarez
2831 2534 2948 2595 doe

611 2636 677 2716 (a
717 2633 1163 2714 misericordia,
1199 2661 1312 2723 per
1347 2637 1841 2701 misericordiam
1872 2639 1993 2714 dei,
2031 2642 2319 2721 sanatus)
2351 2639 2440 2720 fq.
2492 2641 2611 2702 den
2644 2640 2791 2701 bras
2823 2640 2946 2701 den

609 2761 652 2801 a
696 2739 883 2802 choas
924 2739 1046 2802 hac
1087 2762 1128 2802 α
1157 2748 1288 2803 stat
1316 2740 1439 2820 (vir
1469 2743 1743 2825 ampluS,
1779 2744 1876 2806 vir
1903 2743 2230 2807 electionis
2262 2755 2326 2807 et
2356 2754 2583 2820 statuS,
2621 2766 2767 2806 sum
2797 2749 2943 2826 ego)

612 2850 716 2922 28,
757 2850 858 2906 23.
896 2867 993 2908 me
1022 2868 1090 2908 so
1124 2847 1244 2908 den
1274 2868 1314 2908 a
1347 2846 1478 2909 laes
1511 2849 1683 2929 (sum
1712 2848 1809 2910 vir
1835 2849 2021 2932 legis)
2061 2858 2204 2926 150,
2247 2859 2304 2913 1.
2351 2852 2438 2913 da
2463 2858 2735 2933 qouzout
2747 2858 2945 2931 petra

608 2973 650 3013 a
694 2959 828 3013 mat
864 2972 906 3011 a
930 2973 1055 3033 qra
1085 2952 1194 3031 (ad
1223 2950 1554 3014 sciendum
1585 2952 1737 3034 quid
1765 2954 1919 3017 boni
1947 2956 2162 3038 faciat)
2203 2962 2300 3031 18,
2340 2962 2445 3018 20.
2472 2955 2725 3039 francq
2756 2977 2797 3017 a
2812 2976 2943 3037 pep

609 3077 892 3138 ‹mequen
926 3055 1112 3136 (liber
1142 3077 1521 3139 quocunque
1553 3058 1794 3141 dolore)
1835 3067 1976 3137 198,
2016 3066 2118 3123 21.
2160 3061 2305 3124 leun
2335 3083 2375 3123 α
2406 3060 2607 3123 iechet
2633 3060 2720 3122 ha
2752 3081 2793 3121 α
2815 3081 2940 3141 pep

609 3170 833 3244 quenet
875 3161 1106 3244 (plena
1155 3161 1427 3225 sanitate
1480 3174 1545 3226 et
1597 3186 1977 3248 quacunque
2025 3166 2263 3249 gratia,
2313 3167 2569 3249 puella)
2616 3167 2734 3241 46,
2776 3171 2835 3226 5.
2874 3171 2933 3226 6.

608 3267 741 3329 cal-5
794 3290 835 3329 a
886 3289 1142 3331 souzan.
1190 3269 1325 3331 cale
1370 3290 1411 3330 α
1452 3291 1736 3353 ancquaem
1784 3271 2055 3352 (affatim
2095 3293 2319 3348 curae,
2371 3270 2631 3352 doloris)
2671 3275 2745 3331 16
2764 3317 2785 3345 ,
2836 3275 2933 3331 18.

617 3379 760 3449 130,
805 3379 903 3435 19.
1086 3449 1091 3453 ,
2641 3441 2649 3445 .

779 3479 947 3540 Cum
977 3478 1300 3561 adjectivis
1332 3479 1527 3543 efficit
1555 3481 1852 3546 adverbia
1890 3481 2246 3554 interdum:
2284 3504 2382 3544 me
2411 3502 2537 3566 aya
2566 3503 2607 3543 a
2638 3481 2784 3542 herr
2810 3479 2938 3561 (ibo

607 3584 804 3658 brevi,
839 3584 1038 3666 111100)
1078 3592 1175 3660 10,
1215 3591 1316 3647 21.
1367 3607 1464 3648 me
1507 3609 1548 3648 a
1578 3587 1758 3670 soiny
1788 3610 1829 3650 a
1857 3590 2020 3651 soler
2051 3587 2259 3671 (video
2290 3587 2481 3667 clare)
2524 3593 2622 3662 10,
2663 3591 2767 3647 23.
2818 3584 2938 3648 mir

609 3710 651 3750 a
680 3710 826 3751 cren
860 3691 1066 3771 (serva
1093 3683 1387 3769 fideliter,
1418 3693 1707 3774 omnino)
1738 3698 1839 3770 62,
1871 3701 1932 3757 4.
1982 3693 2244 3757 Accedit
2273 3692 2374 3755 his
2404 3714 2621 3774 praep.
2652 3691 2725 3755 di
2739 3719 2760 3754 .-
2793 3693 2941 3754 duet

608 3794 720 3878 off
733 3794 977 3877 diapell
996 3798 1171 3878 (veni
1193 3821 1227 3861 e
1250 3798 1629 3882 longinquo)
1659 3807 1760 3876 38,
1788 3809 1818 3861 7
1839 3825 1857 3875 3
1894 3801 2049 3863 adeo
2072 3799 2225 3862 adia
2250 3796 2632 3880 (tripliciter,
2661 3795 2929 3875 a·di-a):

607 3922 650 3964 a
681 3900 922 3963 dz‘abell
947 3925 1228 3966 memeux
1256 3905 1436 3968 sellet
1464 3906 1737 3985 (dudum
1767 3905 2012 3986 studui)
2053 3912 2193 3980 156,
2238 3909 2335 3966 16.

780 4010 1043 4073 Formae
1086 4020 1342 4072 auctae:
1394 4032 1472 4073 ne
1500 4011 1716 4073 sourcz’
1734 4012 1891 4095 qlan
1921 4033 2040 4093 nep
2071 4033 2238 4073 ‘eman
2270 4008 2557 4092 akanoff
2571 4010 2731 4089 (non
2763 4018 2936 4070 curat

607 4114 869 4177 omnino
906 4115 1135 4198 aliquis
1167 4118 1244 4178 de
1275 4137 1397 4191 me,
1433 4116 1588 4197 mei)
1628 4123 1770 4193 118,
1815 4125 1913 4179 19.
1964 4139 2103 4180 nem
2136 4117 2243 4178 boe
2271 4123 2416 4198 quet
2445 4115 2629 4176 dram
2642 4113 2764 4196 fez
2795 4135 2933 4174 ane-

606 4220 752 4304 zeff
767 4223 927 4302 (non
957 4233 1109 4283 sunt
1139 4221 1320 4295 mihi,
1357 4243 1490 4283 non
1519 4222 1747 4298 habeO,
1782 4245 1895 4305 per
1923 4225 2116 4286 fidem
2144 4223 2379 4301 meam)
2414 4225 2553 4294 158,
2586 4225 2647 4280 9.
2684 4217 2950 4302 anezaff

606 4349 674 4387 eo
720 4349 801 4404 ez,
822 4326 1060 4410 qroaff
1074 4327 1204 4410 fae
1235 4328 1341 4405 (de
1387 4349 1499 4402 e0,
1550 4326 1726 4410 ejuS,
1777 4328 2124 4390 ludibrium
2165 4326 2354 4410 facio)
2392 4333 2545 4401 172,
2586 4330 2688 4386 22.
2748 4323 2934 4387 buhez

607 4431 885 4514 anezaffi
923 4452 1007 4494 an
1043 4432 1187 4514 becq
1218 4431 1463 4515 anezas
1480 4431 1639 4514 (vita
1670 4432 1829 4517 ejuS,
1864 4455 2133 4497 acumen
2163 4433 2330 4516 ejus)
2364 4438 2469 4508 48,
2512 4437 2610 4493 10.
2656 4436 2800 4506 152,
2836 4436 2930 4492 14.
