3150 5242
591 412 715 472 694
1088 414 1209 476 IV.
1250 419 1309 474 3.
1373 431 1906 475 CONJUNOTIONES
1938 430 2414 475 Bm'rANNchE.

598 588 702 655 47,
741 588 801 642 4.
852 601 992 662 moy
1034 579 1172 662 aqis
1205 580 1394 663 qavel
1420 581 1680 642 tredden
1713 579 1940 662 (magis
1974 601 2165 661 quam
2192 578 2380 642 ruina
2407 579 2664 662 putrida
2676 603 2695 653 3
2729 609 2821 630 =
2849 601 2934 641 ac

596 683 653 747 is
671 686 734 765 ?)
770 690 914 759 237,
954 692 1015 746 2.

768 789 1197 873 Comparativi
1236 789 1538 871 loquendi
1567 787 1740 850 modi
1770 787 2065 850 cambrici
2093 788 2434 871 vestigium
2464 788 2791 852 cornicum
2818 811 2930 852 ex-

598 905 724 957 stat
762 894 831 956 in
874 894 1158 957 formulis
1203 895 1435 976 kepare
1473 894 1594 969 ka,
1642 893 1842 974 kepar
1883 891 1991 967 ha,
2041 892 2241 973 kepar
2279 893 2366 956 ha
2408 895 2531 969 del,
2579 894 2779 975 kepar
2822 895 2938 957 del

597 1002 759 1080 (par
788 1000 942 1062 alias
971 1000 1288 1062 intensiva
1316 999 1650 1081 particula,
1686 1020 1751 1080 p.
1790 1001 1975 1079 575):
2026 997 2226 1080 kepar
2255 999 2342 1062 Ιια
2373 1008 2431 1062 te
2460 1002 2688 1082 (aeque
2717 1022 2791 1062 ac
2821 1003 2928 1080 tu)

597 1106 778 1166 Pass.
821 1109 962 1181 172,
1005 1104 1372 1188 &yweskis
1412 1128 1499 1189 yn
1541 1125 1748 1166 arvow
1790 1102 2022 1184 kepare
2063 1103 2149 1165 ka
2194 1104 2302 1166 del
2337 1126 2445 1166 ens
2478 1103 2623 1166 then
2648 1126 2768 1187 ¹qas
2800 1107 2929 1186 (ar-

596 1209 754 1271 mati
795 1231 993 1292 aeque
1037 1232 1108 1273 ac
1139 1221 1291 1272 sunt
1319 1212 1400 1273 ad
1430 1211 1695 1289 bellum)
1731 1215 1834 1283 64,
1873 1214 1932 1270 2.
1981 1208 2182 1289 kepar
2209 1209 2296 1271 Ιια
2326 1208 2435 1271 del
2458 1231 2764 1294 wovynny
2795 1212 2927 1290 (ae-

598 1336 720 1396 que
763 1337 835 1377 ac
876 1315 1038 1390 vult,
1075 1325 1149 1377 ut
1189 1315 1355 1395 vult>
1391 1321 1492 1390 39,
1533 1320 1593 1376 3.
1640 1313 1843 1393 kepar
1872 1313 1980 1375 del
2003 1335 2128 1388 vec,
2165 1314 2364 1396 hepar
2391 1314 2501 1377 del
2524 1337 2595 1376 ve
2626 1317 2727 1395 (ut
2756 1336 2922 1391 eras,

596 1430 671 1481 ut
700 1408 860 1500 erat)
891 1424 1032 1496 192,
1067 1428 1093 1481 1
1111 1468 1124 1482 .
1158 1424 1303 1495 247,
1336 1424 1394 1481 2.
1444 1419 1592 1481 Alia
1621 1418 1893 1480 formula
1922 1419 2193 1482 occurrit
2222 1440 2413 1502 maqa
2441 1458 2524 1467 —-
2557 1420 2668 1482 del
2680 1447 2701 1482 .-
2731 1441 2929 1503 maya

598 1533 759 1588 town
804 1533 867 1608 ty
912 1525 1021 1587 del
1056 1526 1297 1609 wothye
1339 1528 1496 1605 (tam
1540 1524 1928 1606 profundum
1962 1523 2436 1606 jusjurandum,
2484 1547 2677 1607 quam
2711 1525 2926 1606 scivit)

599 1632 675 1692 P.
716 1637 819 1706 85,
860 1637 920 1692 3.
967 1652 1156 1713 maqa
1190 1630 1290 1692 telo
1320 1628 1430 1691 del
1452 1629 1637 1711 rebye
1668 1631 1828 1709 (tam
1856 1629 2199 1710 pulchrum
2228 1652 2419 1711 quam
2448 1630 2679 1711 fuerat)
2715 1637 2819 1706 71,
2856 1638 2922 1692 4.

598 1734 863 1816 Legitur
888 1756 1031 1796 mar
1061 1735 1167 1815 (cf.
1197 1720 1430 1796 cambr.
1461 1736 1626 1814 mor)
1649 1756 1763 1816 pro
1793 1755 1982 1817 maqa
2009 1734 2079 1799 in
2102 1734 2573 1798 constructione
2596 1734 2922 1818 ecliptica:

595 1860 738 1901 mar
752 1890 759 1895 .
762 1838 883 1921 fol
908 1842 1068 1919 (tam
1111 1837 1313 1914 stulti,
1351 1859 1701 1912 sermone83
1749 1838 1795 1900 i.
1832 1860 1888 1900 e.
1925 1860 2116 1921 quam
2147 1848 2329 1901 erant
2357 1838 2404 1899 ii
2434 1839 2545 1920 qui
2573 1841 2928 1920 prodeban-

597 1946 728 2023 tur)
754 1945 935 2005 Pass.
973 1950 1113 2018 100,
1147 1948 1206 2003 2.
1258 1944 1402 2004 Lat.
1432 1950 1504 2003 ut
1532 1940 1732 2003 -ita
1763 1943 2009 2005 cornice
2038 1942 2322 2005 redditur
2334 1943 2522 2026 faiel
2537 1981 2622 1991 —
2648 1945 2786 2008 del.-
2801 1946 2927 2028 fd-

599 2048 686 2110 tel
720 2069 833 2130 vye
863 2068 967 2109 am
999 2048 1287 2110 bewnans
1322 2048 1429 2109 del
1452 2069 1552 2129 yw
1583 2047 1831 2131 scrqus
1859 2071 1947 2131 yn
1980 2047 2233 2132 lyffrow
2266 2050 2368 2127 (ιιι
2398 2061 2563 2110 esset
2592 2049 2724 2112 vita
2752 2071 2919 2125 mea,

594 2152 686 2214 ita
731 2151 1038 2234 scriptum
1079 2162 1176 2214 est
1218 2152 1286 2213 in
1328 2151 1531 2234 libris)
1571 2159 1684 2228 73,
1721 2158 1781 2214 2.
1846 2154 1993 2216 Vox
2036 2152 2145 2214 del
2170 2154 2283 2232 (π
2325 2154 2559 2215 cambr.
2609 2155 2790 2230 delw,
2823 2154 2926 2216 hi-

593 2258 772 2319 bern.
811 2257 948 2319 dell>
964 2258 1026 2338 2³)
1058 2256 1353 2338 primitus
1399 2256 1869 2320 substantivum
1912 2258 2120 2319 elucet
2161 2279 2240 2318 ex
2282 2257 2421 2319 aliis
2463 2258 2785 2322 formulis:
2833 2281 2926 2342 yn

596 2362 826 2435 delma‚
861 2383 903 2444 y
945 2361 1136 2436 della,
1172 2384 1260 2444 yn
1292 2361 1559 2423 ketelma
1591 2362 1738 2441 (hoc
1766 2363 1980 2444 modo)
2019 2369 2118 2437 14,
2162 2369 2218 2424 1.
2263 2369 2405 2438 193,
2446 2369 2504 2425 1.
2543 2368 2691 2438 259,
2729 2368 2791 2424 2.
2834 2342 2928 2447 yn

593 2465 823 2529 ketella
854 2468 1100 2545 (eodem
1129 2467 1316 2528 modo
1333 2491 1352 2541 ;
1387 2498 1473 2517 =
1500 2488 1588 2548 yn
1619 2466 1765 2529 leeth
1797 2466 1907 2529 del
1929 2470 2062 2548 ma)
2100 2474 2241 2542 170,
2281 2472 2341 2528 2.

763 2571 1092 2634 Armorica
1121 2570 1426 2634 dialectus
1458 2570 1989 2654 comparationem
2019 2570 2171 2634 item
2202 2571 2325 2634 alio
2354 2573 2542 2635 modo
2567 2571 2927 2654 significare

592 2677 922 2740 consuevit
953 2676 1060 2757 (cf.
1097 2697 1312 2759 praep.
1349 2676 1568 2759 equit).

758 2805 824 2866 9·
877 2782 1200 2844 HAGEN
1233 2783 1564 2861 (attamen,
1604 2785 1843 2863 tamen)
1875 2781 2215 2844 cambrice:
2264 2791 2379 2866 nyt
2419 2783 2538 2844 oed
2560 2804 2640 2866 yr
2670 2804 2751 2845 vn
2767 2805 2927 2864 por-

595 2886 821 2950 tkawr.
880 2885 1211 2968 Glewlwyt
1247 2885 1618 2967 ‚qauaelawr
1661 2887 1780 2947 oed
1814 2908 1937 2968 yno
1981 2887 2185 2969 haqen
2231 2909 2309 2949 ar
2351 2887 2562 2949 ureint
2586 2887 2928 2968 portlzawr

594 2993 755 3071 (non
798 2999 933 3051 erat
979 2987 1238 3049 omnino
1281 2989 1616 3069 portariuS,
1653 2990 1722 3051 in
1766 2991 1912 3053 aula
1941 2992 2065 3066 A.;
2111 3001 2391 3055 attamen
2424 2992 2509 3054 G.
2545 3003 2682 3054 erat
2722 2992 2810 3054 ibi
2855 2992 2927 3054 in

591 3115 856 3158 munere
886 3091 1172 3174 portarii)
1205 3094 1381 3154 Mab.
1424 3101 1481 3168 1,
1520 3102 1577 3155 1.
1600 3116 1755 3178 pwy
1788 3096 2032 3179 bynnao
2061 3118 2102 3157 a
2131 3117 2335 3185 vynno
2365 3096 2569 3160 ennill
2591 3097 2716 3160 οἷοι
2749 3145 2764 3160 .
2804 3144 2818 3158 .
2856 3098 2941 3181 ef

594 3198 849 3281 aekeaeff
871 3219 1016 3281 yn0.
1061 3244 1075 3258 .
1112 3196 1385 3281 avynnei
1418 3197 1623 3281 hayen
1668 3199 2156 3283 arbennicrwyd
2194 3201 2339 3264 clod
2370 3223 2446 3264 ac
2475 3210 2697 3285 etmyc.
2729 3223 2924 3284 ywnn

592 3328 634 3388 y
680 3304 762 3366 lle
803 3327 845 3387 y
892 3301 1100 3384 kaffei
1126 3302 1518 3386 (quicunque
1562 3303 1834 3367 voluerit
1872 3303 2135 3385 adipisci
2163 3305 2450 3387 gloriam,
2493 3354 2507 3368 .
2550 3353 2565 3368 .
2606 3354 2620 3367 .
2658 3306 2928 3389 accipiet

595 3431 734 3472 eam
776 3408 887 3483 ibi,
931 3456 944 3469 .
988 3454 1001 3468 .
1040 3407 1150 3489 qui
1179 3409 1370 3471 vellet
1401 3419 1615 3471 tamen
1643 3408 1989 3491 primatum
2018 3409 2255 3491 gloriae
2286 3421 2351 3472 et
2377 3410 2659 3486 honoris,
2696 3410 2927 3473 scirem

595 3517 830 3590 locum,
867 3512 980 3575 ubi
1011 3512 1347 3595 acciperet)
1385 3520 1442 3588 1,
1481 3519 1628 3575 284.
1680 3505 1686 3509 ⁸

766 3617 1110 3681 Cornicum
1140 3617 1333 3700 hujus
1363 3617 1534 3680 vocis
1563 3638 1696 3678 non
1727 3616 1945 3679 inveni
1972 3618 2337 3701 vestigium.

763 3722 1086 3786 Armorice
1117 3723 1475 3785 HOGEN:
1523 3742 1737 3783 mazeo
1780 3730 2000 3786 truant
2040 3744 2147 3785 ma
2178 3732 2458 3787 emantur
2485 3724 2686 3807 hoyen
2715 3746 2795 3789 vn
2827 3733 2928 3788 tro

592 3852 691 3893 me
728 3829 865 3913 yelo
905 3849 1018 3890 sur
1066 3828 1257 3888 beden
1282 3826 1535 3908 prellat
1564 3828 1821 3906 (misera
1858 3838 1954 3889 est
1983 3849 2113 3890 sors
2146 3850 2307 3904 mea,
2343 3828 2448 3890 ibo
2481 3838 2695 3891 tamen
2725 3830 2926 3895 semel

592 3936 673 3999 ad
702 3934 1084 4017 praelatum)
1117 3931 1288 3994 Buh.
1330 3937 1472 4007 192,
1516 3938 1616 3992 11.
1644 3953 1775 4013 pep
1809 3940 1902 3994 tro
1936 3941 1992 3995 te
2022 3954 2163 3995 vezo
2179 3955 2381 4014 poan.
2425 3981 2439 3995 .
2482 3980 2497 3994 .
2533 3931 2778 4015 hoquen
2807 3935 2928 3996 doe

591 4064 742 4104 roen
788 4039 873 4103 tir
914 4060 954 4100 a
993 4037 1155 4099 miro
1187 4038 1462 4119 (semper
1503 4036 1621 4121 tibi
1662 4036 1782 4099 erit
1823 4038 2020 4113 dolor,
2057 4049 2339 4101 attamen
2381 4039 2537 4101 deus
2573 4029 2692 4099 ¹rex
2723 4049 2929 4101 terrae

591 4145 885 4221 servavit,
924 4147 1013 4226 te)
1051 4150 1109 4219 6,
1150 4148 1252 4204 25.

767 4259 826 4313 2.
885 4246 1533 4331 conjunctiones
1593 4248 2078 4313 nominales:
2141 4250 2310 4325 mal,
2347 4271 2528 4331 pan,
2583 4249 2702 4325 lle,
2737 4259 2926 4333 pryt,

589 4358 843 4421 ackaws
875 4366 994 4418 etc.

763 4463 953 4525 MAL
986 4465 1108 4542 (ut,
1145 4461 1340 4535 sicut3
1388 4460 1637 4523 hibern.
1675 4459 1877 4541 amal)
1910 4459 2219 4523 cambrica
2258 4460 2459 4523 forma
2502 4468 2751 4523 curtata
2784 4458 2927 4540 jam
