3150 5242
554 396 635 458 V.
673 401 728 457 2.
789 416 1184 459 coMPosffro
1216 415 1591 460 mnnnch
1621 390 2168 459 mancumaum.
2404 394 2526 455 837

228 566 413 630 Notit.
448 565 651 648 dign„
684 566 794 649 qui
824 566 1127 633 dicuntur
1155 565 1461 643 Atacotti,
1496 564 1810 628 Attacotti
1840 564 2204 641 AmmianO,
2231 563 2523 640 Aticotti,

223 672 464 736 Atticoti
505 672 900 757 Hieronymo
944 673 1052 754 (cf.
1089 673 1465 736 Cottianum
1505 693 1779 754 regnum
1824 673 2065 749 Strab.,
2116 669 2526 734 Melocottius

223 778 395 841 Orell.
432 785 577 859 437,
614 779 775 856 ooth,
811 800 1027 855 senex,
1064 801 1128 861 p.
1175 784 1346 861 173).
1403 779 1799 841 Absorbetur
1828 778 2063 843 vocalis
2091 777 2322 841 finiens
2353 798 2392 838 a
2421 797 2527 837 vo·

220 884 322 946 cali
361 885 696 948 inchoante
737 884 1060 967 sequentis
1102 884 1304 947 vocis:
1353 884 1592 947 Ateula
1638 885 1761 965 (cf.
1798 907 1863 968 p.
1903 889 2023 967 42)
2068 886 2270 947 Inscr.
2322 882 2523 946 Orell.

222 996 385 1052 3274.
418 990 645 1054 Atesui
677 992 877 1073 (Gall.
908 1013 1085 1074 pop.,
1118 991 1199 1053 cf.
1230 991 1588 1053 Esunertus
1619 991 1853 1068 Inscr.‚
1884 991 2076 1054 Essui
2105 992 2322 1071 Caes.)
2350 989 2524 1053 Plin.

218 1102 276 1172 4,
301 1104 390 1159 18.
425 1098 766 1161 Centullus
794 1096 1105 1181 Ateponis
1137 1097 1228 1159 fil.
1260 1099 1367 1179 (ex
1397 1119 1494 1180 ep,
1524 1120 1749 1181 equuS,
1779 1119 1863 1160 an
1895 1097 2062 1160 conf.
2093 1097 2329 1159 cambr.
2361 1097 2523 1172 aleb,

215 1203 510 1288 responsio
527 1203 581 1286 ἲ)
616 1206 821 1267 Inscr.
859 1206 1033 1266 Mur.
1078 1208 1263 1279 1281,
1304 1211 1362 1265 6.
1391 1196 1851 1289 Ἀτεπόμαρος
1881 1207 1973 1285 (p.
2007 1208 2115 1284 64)
2148 1203 2326 1266 Plut.
2358 1195 2530 1266 Ἀτε-

214 1304 397 1393 πόριξ
436 1311 648 1374 Strab.
701 1333 767 1393 p.
808 1317 953 1372 560.
1016 1302 1358 1395 Ἀλβιόριξ
1398 1304 1861 1396 Ἀτεπόρειγος
1928 1308 2224 1392 Inscript.
2284 1312 2522 1393 Ancyr.

215 1416 427 1479 Murat.
468 1423 616 1479 643.
699 1416 1025 1498 Atoparno
1071 1417 1245 1479 Mur.
1289 1421 1485 1493 1321,
1527 1423 1588 1478 4.
1655 1416 1995 1486 Invenitur
2047 1416 2305 1499 quidem
2364 1439 2530 1478 nun-

211 1543 380 1604 quam
421 1533 717 1606 separata
760 1522 1008 1585 hibern.
1045 1522 1231 1599 aim,
1268 1524 1397 1599 θῶ,
1434 1523 1669 1585 cambr.
1708 1532 1801 1586 at-
1835 1523 1975 1603 (lat.
2012 1545 2108 1585 re·
2144 1521 2531 1604 inseparabi-

209 1627 323 1710 lis),
357 1639 622 1713 utraque
659 1639 797 1692 orta
828 1652 906 1692 ex
937 1628 1081 1706 αἰεὶ,
1120 1637 1288 1702 ate·‚·
1339 1630 1449 1691 sed
1480 1639 1578 1690 est
1607 1627 1782 1691 haud
1812 1628 2004 1691 dubie
2034 1629 2189 1691 haec
2222 1626 2533 1710 particula

207 1734 443 1798 nonnisi
483 1735 733 1798 variata
773 1734 842 1797 in
886 1733 1342 1818 compositione
1384 1734 1586 1797 forma
1630 1733 1797 1797 infra
1826 1735 2148 1817 sequentis
2180 1736 2394 1810 ande·,
2430 1757 2527 1817 gr.

210 1833 357 1922 ἄντί,
389 1854 463 1906 ut
491 1853 652 1905 sunt
683 1850 866 1932 οαιερ,
905 1863 1070 1917 con-,
1108 1863 1291 1918 com-,
1330 1864 1425 1904 co·
1459 1842 1724 1921 (cambr.
1762 1842 1910 1904 hod.
1948 1844 2119 1926 cyd·,
2157 1863 2327 1925 cyn-,
2366 1842 2528 1924 cyfi,

207 1950 320 2033 οφ)
349 1948 585 2013 formae
629 1947 908 2011 variatae
952 1947 1022 2010 in
1063 1947 1520 2031 compositione
1561 1970 1598 2010 e
1637 1971 1853 2032 praep.
1899 1947 2089 2031 plena
2132 1948 2365 2010 cambr.
2402 1958 2528 2009 vet.

206 2064 336 2119 cant
363 2055 643 2136 (hibern.
682 2077 818 2130 con,
855 2054 968 2116 lat.
1005 2056 1202 2135 cum).

358 2162 589 2226 CATE
631 2159 945 2244 particula
991 2182 1025 2221 e
1069 2158 1285 2222 formis
1330 2169 1525 2237 calm,
1564 2160 1720 2223 cati·
1754 2162 1856 2241 (ut
1899 2169 2057 2237 ata-,
2096 2160 2215 2222 ati·
2248 2182 2361 2242 pro
2406 2168 2534 2222 ate-

205 2267 444 2350 legitur)
477 2266 842 2349 colligenda
882 2266 952 2328 in
996 2264 1099 2327 his
1143 2264 1541 2328 nominibus:
1598 2265 2140 2329 Catamantaledis
2186 2267 2278 2328 fil.
2317 2265 2533 2345 (Cata-

204 2375 570 2450 mantal-ed,
629 2372 712 2434 cf.
763 2372 1089 2448 Mantala,
1140 2370 1756 2446 Petro-mantalum,
1807 2394 1871 2454 p.
1915 2376 2064 2453 728)
2112 2374 2293 2435 Caes.
2347 2374 2534 2435 Cata·

205 2480 387 2558 launi,
424 2479 638 2563 campi
677 2477 1056 2542 catalaunici
1087 2479 1361 2540 Eumen.
1398 2478 1667 2560 Eutrop.
1704 2476 2029 2540 Ammian.
2065 2479 2107 2539 J
2110 2479 2377 2540 ornand.
2415 2480 2535 2541 Ca-

205 2585 453 2651 tivolcus
488 2588 901 2671 (Eburonum
930 2583 1254 2671 princeps)
1286 2584 1469 2647 Caes.
1500 2582 1828 2646 Catmelus
1854 2583 2219 2664 (Gallorum
2251 2585 2535 2668 regulus)

205 2693 332 2757 Liv.
368 2702 472 2772 41,
513 2702 576 2771 5,
612 2713 731 2775 pro
763 2691 1152 2768 CatemeluS,
1188 2701 1265 2753 ut
1305 2689 1650 2753 armoricus
1683 2689 1864 2752 Caes.
1902 2713 2016 2773 pro
2047 2713 2240 2753 arem.
2306 2691 2535 2775 Dispa-

203 2802 456 2864 randum
502 2811 602 2863 est
649 2799 851 2861 subst.
891 2805 1037 2860 catu
1070 2799 1367 2880 (pugna),
1406 2797 1573 2879 quod
1608 2806 1816 2858 servat
1846 2797 2127 2859 vocalem
2159 2819 2343 2859 suam
2373 2821 2437 2873 u,
2475 2810 2540 2860 et

205 2906 646 2969 conferendum
691 2904 924 2966 cambr.
976 2914 1103 2966 vet.
1154 2912 1321 2980 cet-,
1362 2903 1515 2965 hod.
1564 2902 1761 2985 cyd-,
1813 2901 2013 2964 sonna
2052 2903 2537 2987 praepositionis

205 3021 340 3078 cant
387 3013 457 3075 in
513 3008 998 3092 compositione.
1079 3009 1450 3072 Secundum
1496 3007 1855 3090 analogiam
1897 3020 2063 3071 esset
2108 3008 2354 3071 hibern.
2406 3021 2531 3073 vet.

205 3117 381 3195 cuith,
419 3118 573 3195 aith,
613 3117 784 3199 quod
816 3125 1030 3177 tamen
1060 3137 1193 3178 non
1223 3114 1351 3196 legi
1379 3114 1450 3175 in
1481 3113 1826 3176 codicibuS.

356 3225 649 3289 ANDE:
686 3222 1020 3304 Andegavi
1052 3221 1254 3302 (Gall.
1283 3223 1467 3302 pop.)
1493 3220 1670 3283 Plin.
1698 3221 2295 3297 Andematimnum,
2327 3223 2538 3285 Ande-

203 3330 404 3408 ritum,
439 3328 958 3394 Andecamulum
991 3325 1193 3408 (Gall.
1224 3325 1485 3409 oppida)
1518 3325 1676 3388 Itin.
1728 3326 1829 3387 Ex
1858 3324 2173 3408 inscriptt.
2201 3349 2214 3388 :
2252 3329 2542 3391 Andeca-

203 3438 508 3501 mulenses
554 3435 758 3499 Orell.
802 3440 987 3496 1804.
1036 3432 1462 3494 Anderoudus
1503 3433 1746 3494 Murat.
1793 3438 1950 3492 1577
1972 3481 1988 3508 ,
2032 3439 2089 3494 3.
2154 3434 2541 3497 Andebroci-

202 3541 341 3623 rigis
380 3542 425 3604 f.
463 3542 662 3605 Grut.
702 3545 848 3614 921,
890 3543 948 3614 2,
996 3549 1059 3600 et
1100 3538 1313 3600 forsan
1357 3538 1646 3600 Andarta
1690 3538 1834 3617 (dea
1848 3561 1866 3612 3
1918 3538 1972 3601 si
2014 3561 2127 3622 pro
2160 3541 2541 3621 Ande-arta)

204 3645 389 3710 Orell.
431 3653 622 3710 1958.
692 3646 879 3708 Addo
908 3643 1171 3706 nomina
1201 3644 1484 3706 locorum
1514 3642 1947 3725 Andesagina,
1985 3645 2477 3708 Andethannale
2509 3670 2543 3709 e

205 3752 435 3830 Vales,
472 3764 538 3816 et
575 3751 917 3815 formulam
947 3749 1308 3813 donationis
1340 3750 1737 3832 andelangus
1771 3749 2072 3829 (Grimm.
2109 3751 2377 3834 Antiqq.
2405 3753 2536 3835 jur.

204 3878 390 3939 germ.
426 3882 494 3942 p.
538 3862 713 3940 196).
778 3858 980 3919 Juxta
1026 3867 1120 3919 tot
1160 3857 1452 3940 exempla
1494 3856 1729 3917 debent
1764 3856 1978 3938 putari
2007 3856 2222 3921 minus
2255 3870 2544 3921 accurate

204 3965 434 4027 reddita
482 3964 746 4028 nomina
784 3962 1232 4046 Antebrogius
1264 3985 1367 4046 ap.
1419 3964 1633 4038 Caes,
1670 3972 1734 4023 et
1776 3964 2175 4046 Antobroges
2221 3986 2323 4047 ap.
2364 3965 2536 4027 Plin.

208 4071 292 4150 (4,
332 4077 460 4153 19).
530 4071 632 4135 Cf.
665 4092 818 4132 mox
848 4068 1011 4132 infra
1042 4091 1312 4152 sequens
1343 4069 1593 4132 hibern.
1630 4078 1757 4129 vet.
1795 4067 1958 4131 ind-.

366 4179 529 4240 DIE
574 4177 787 4239 forsan
829 4175 1139 4238 hactenus
1187 4174 1573 4238 enumeratis
1618 4172 1948 4259 particulis
1988 4176 2353 4239 addendum
2383 4188 2479 4239 est
2509 4200 2542 4239 e

95 4295 102 4302 ·
206 4282 565 4345 nominibus
623 4280 984 4343 Diablintes
1041 4283 1227 4345 CaeS.
1250 4330 1270 4358 ,
1328 4280 1661 4345 Diablindi
1715 4279 1889 4343 Plin.
1910 4329 1930 4357 ,
1989 4277 2545 4367 δουηκαληὸόνιος

208 4377 489 4463 ὠκεανός
520 4386 1091 4469 (transcaledonius
1124 4409 1218 4449 oo.
1239 4387 1292 4469 ἲ)
1327 4388 1526 4464 Ptol.,
1564 4387 1988 4449 Dicaledones
2017 4387 2341 4451 Ammian.

370 4494 563 4556 TRI:
596 4491 922 4568 Triulatti,
945 4492 1368 4556 Trinobantes
1385 4486 1579 4557 'Caes
1604 4492 1776 4555 Plin.
1807 4486 2235 4578 τριμαρκισία
2261 4496 2540 4558 Pausan.
