3150 5242
601 373 725 435 660
1088 372 1207 433 IV.
1248 375 1306 432 2.
1367 390 1929 435 PRAEPosmloNEs
1960 391 2436 435 Bm‘rANNIcAE.

595 542 837 605 fontem
867 543 945 602 B.
982 539 1186 601 amnis
1219 550 1337 602 eto.
1381 589 1393 601 .
1438 588 1451 601 .
1489 541 1840 603 secundum
1880 542 2047 604 viam
2090 542 2287 604 latam
2333 564 2585 622 sursum
2614 564 2823 625 usque
2856 545 2937 606 ad

594 646 916 728 regionem
948 645 1183 707 directe
1214 645 1568 728 oppositam
1593 646 1759 708 ortui
1782 647 1987 708 amnis
2012 650 2124 729 B.)
2156 655 2298 710 197.
2328 656 2469 710 198.
2507 671 2663 729 aper
2687 649 2940 732 caffrut

596 752 664 815 in
689 752 808 836 qui
849 774 927 813 ar
960 751 1085 814 ibit
1112 750 1374 814 diuinid
1399 753 1499 814 bet
1514 773 1687 831 penu
1719 752 1997 814 aroiueir
2026 753 2110 815 ha
2141 755 2332 817 dreeh
2364 755 2630 817 dz‘ndirn
2663 754 2935 834 (ostium

596 860 671 921 O.
706 857 775 918 in
801 858 913 932 G„
950 858 1304 918 secundum
1333 878 1481 918 eum
1511 878 1763 918 sursum
1794 879 1996 939 usque
2026 859 2095 920 in
2124 859 2336 921 locum
2364 869 2534 921 recte
2563 858 2935 941 oppositum

597 964 781 1025 dorso
813 964 932 1044 D.)
968 968 1113 1023 200.
1164 984 1242 1023 ar
1270 962 1369 1024 hit
1397 962 1457 1023 ir
1487 963 1610 1024 allt
1638 961 1705 1023 in
1735 963 1834 1025 hit
1862 964 1960 1025 bet
1987 963 2015 1025 i
2029 986 2205 1044 pean
2236 965 2517 1026 aroiueir
2547 964 2841 1046 kaqenou
2872 962 2935 1023 ir

581 1077 753 1149 pant
782 1069 1161 1150 (seeundum
1205 1067 1440 1129 saltum
1475 1089 1662 1150 porro
1692 1088 1893 1148 usque
1922 1067 1991 1128 in
2020 1070 2346 1151 regionem
2373 1081 2542 1133 recte
2572 1067 2936 1152 oppositam

597 1173 758 1235 ostio
799 1157 1011 1254 vallis)
1047 1177 1191 1235 234.
1241 1174 1339 1235 bet
1364 1194 1542 1253 pemz
1586 1171 1864 1234 areiueir
1894 1195 1971 1234 ar
2000 1175 2167 1237 mein
2197 1175 2470 1238 adinant
2499 1176 2731 1255 (usque
2761 1183 2932 1236 recte

597 1300 631 1340 e
667 1276 926 1360 regione
965 1278 1194 1362 lapidis
1225 1280 1341 1360 A.)
1380 1284 1521 1339 199.
1569 1277 1819 1360 minqui
1844 1277 2013 1341 nihit
2040 1279 2300 1341 diuinid
2325 1281 2426 1341 bet
2439 1301 2619 1361 penu
2649 1277 2934 1340 arciueir

596 1404 673 1446 ar
695 1391 861 1464 pant
886 1381 985 1446 im·
1013 1383 1183 1446 cecin
1217 1385 1369 1465 (Μ.,
1408 1384 1760 1445 secundum
1791 1405 1939 1445 eum
1968 1406 2221 1447 sursum
2249 1407 2452 1467 usque
2482 1385 2596 1447 ubi
2624 1394 2797 1446 recte
2822 1405 2931 1466 op-

593 1489 801 1573 posita
844 1499 941 1551 est
981 1489 1136 1550 faux
1178 1487 1249 1549 in
1293 1489 1503 1570 dorso)
1538 1493 1683 1549 231.
1749 1489 1948 1550 Deest
1992 1499 2206 1551 tamen
2249 1501 2313 1552 et
2352 1490 2457 1552 hic
2502 1488 2924 1573 praepositio:

581 1608 758 1677 penu
782 1593 1060 1657 arciueir
1083 1615 1232 1656 cruc
1250 1598 1395 1655 246.
1424 1594 1705 1673 betpenn
1723 1593 2003 1656 aroiueir
2020 1596 2174 1658 lanu
2189 1595 2508 1678 me-‘haoyel
2527 1601 2673 1656 250.
2706 1618 2742 1657 ο
2751 1617 2933 1677 penu

595 1699 873 1763 aroiuez'r
917 1720 1071 1779 aper
1094 1699 1384 1782 finnaun
1421 1699 1665 1761 euirdil
1692 1705 1836 1760 253.
1885 1699 1983 1762 hit
1996 1722 2173 1782 penu
2199 1700 2530 1783 quoeiuez‘r
2561 1701 2747 1783 {pant
2781 1707 2925 1762 149.

763 1805 1098 1867 Formulae
1141 1825 1255 1886 pro
1293 1804 1407 1865 lat.
1457 1824 1588 1864 una
1617 1824 1756 1864 cum
1776 1831 1796 1866 .·
1839 1827 1927 1888 yn
1962 1806 2359 1889 qorymdeith
2402 1815 2557 1891 yqyt
2598 1829 2677 1868 ar
2718 1806 2931 1869 ambe-

590 1913 853 1994 rawdyr
884 1908 1245 1989 (ambulans
1289 1930 1420 1970 una
1462 1929 1610 1969 cum
1648 1908 2053 1992 imperatore)
2087 1913 2262 1974 Mab.
2307 1918 2363 1987 1,
2403 1917 2504 1972 21.
2555 1913 2639 1996 ef
2668 1934 2711 1973 a
2749 1933 2930 1996 yym-

591 2016 852 2098 hellwys
881 2035 962 2098 Ψ·
991 2012 1232 2096 ewiqed
1255 2021 1412 2097 yqyt
1433 2034 1510 2074 ar
1527 2012 1748 2097 qeffyr
1768 2036 2020 2099 ymywn
2045 2016 2209 2098 (ipse
2232 2017 2491 2100 impulit
2506 2028 2772 2100 'capreas
2796 2038 2930 2078 una

591 2142 740 2184 cum
778 2118 980 2201 capris
1025 2118 1216 2194 intra,
1252 2118 1322 2180 in
1364 2119 1653 2198 domum)
1686 2118 1864 2179 Mab.
1906 2126 1963 2193 1,
2004 2125 2150 2182 236.
2201 2143 2277 2183 ae
2319 2129 2476 2205 yqyt
2512 2144 2590 2183 ao
2631 2122 2715 2205 ef
2732 2119 2929 2184 owein

592 2229 684 2308 (et
723 2246 855 2286 una
898 2245 1046 2285 cum
1090 2245 1164 2285 eo
1194 2223 1310 2305 O.)
1343 2223 1521 2285 Mab.
1564 2228 1620 2297 1,
1665 2230 1721 2283 1.
1789 2225 2152 2286 Pronomen
2194 2226 2622 2309 possessivum
2650 2226 2722 2288 in
2751 2246 2928 2308 prae-

592 2332 852 2392 cedente
905 2350 947 2412 y
1000 2331 1390 2391 demonstrat
1442 2327 1825 2390 combinatio
1880 2351 1956 2390 ae
1998 2351 2143 2392 cum
2185 2330 2633 2414 conjunctione
2682 2354 2725 2393 a
2764 2333 2919 2413 (et):

586 2436 811 2519 qwedy
840 2455 882 2517 y
916 2435 1111 2518 dyuot
1135 2434 1405 2519 ymplith
1434 2456 1476 2518 y
1502 2433 1780 2517 qenedyl
1804 2454 1879 2494 ae
1895 2442 2012 2516 yyt
2026 2431 2491 2520 yyfedc'zohwyr
2516 2438 2690 2516 (cum
2716 2435 2925 2497 venis-

591 2551 687 2603 set
715 2541 883 2605 inter
912 2551 1210 2621 cognatos
1242 2550 1432 2620 atque
1463 2560 1596 2599 una
1624 2538 1792 2600 inter
1820 2538 2187 2621 familiares)
2222 2543 2398 2602 Mab.
2441 2548 2499 2616 1,
2538 2546 2643 2615 26,
2679 2539 2795 2602 ubi
2823 2541 2928 2601 de·

590 2647 846 2709 ficiente
887 2667 1104 2728 praep.
1142 2667 1218 2707 ac
1259 2644 1531 2707 formula
1575 2656 1672 2706 est
1718 2645 1995 2707 adverbii
2031 2646 2189 2707 1000.
2255 2648 2338 2708 In
2367 2647 2675 2709 hodierna
2704 2645 2930 2727 lingua

589 2754 771 2816 aliter
800 2772 1053 2813 versum
1085 2750 1226 2811 adv.
1261 2771 1349 2832 yn
1377 2748 1602 2833 nqkyd
1627 2748 1866 2830 (simul,
1903 2772 2070 2825 una3
2108 2752 2235 2835 oyd
2260 2773 2407 2814 eum
2435 2773 2653 2834 praep.
2688 2754 2827 2835 yn).

764 2852 1224 2919 Cambrieas
1281 2853 1657 2915 verbales
1713 2854 2210 2937 praepositiones
2257 2858 2564 2939 quasdam
2608 2858 2772 2918 addo
2815 2878 2927 2917 no-

590 2961 934 3026 minalibus
957 2958 1267 3019 hactenus
1292 2957 1696 3033 enumeratiS,
1720 2958 1934 3020 obvias
1958 2959 2026 3020 in
2051 2959 2213 3021 libro
2237 2960 2663 3036 Laudavensi,
2686 2960 2928 3022 seilicet

591 3069 665 3131 di
694 3049 853 3141 linu',
889 3061 962 3126 di
989 3061 1217 3124 circhu‘
1238 3063 1581 3142 (recentius
1610 3087 1652 3147 y
1678 3063 1948 3146 qyrffu,
1985 3064 2065 3125 ad
2094 3066 2587 3147 procedendum,
2626 3067 2707 3129 ad
2738 3086 2927 3148 quae-

588 3173 884 3247 rendum,
920 3168 965 3230 i.
1002 3190 1058 3230 e.
1094 3166 1166 3230 in
1207 3167 1552 3229 directione
1590 3168 1690 3242 ad,
1727 3172 1996 3249 versus),
2034 3168 2136 3231 oin
2167 3169 2385 3232 circha
2417 3172 2592 3249 (ante
2623 3191 2927 3251 quaeren-

592 3281 771 3352 dum,
798 3276 843 3338 i.
873 3298 929 3337 e.
960 3274 1170 3354 ante):
1209 3294 1286 3334 ar
1316 3271 1413 3335 hit
1440 3270 1501 3333 ir
1513 3272 1690 3355 ford
1715 3272 1814 3334 bet
1843 3272 1990 3335 diar
2013 3273 2075 3335 ir
2099 3274 2222 3336 allt
2241 3273 2467 3336 iniaun
2506 3274 2590 3336 di
2629 3274 2795 3337 Zinu
2825 3274 2930 3337 dir

593 3383 730 3446 lain
759 3402 948 3443 maur
978 3379 1359 3460 (secundum
1389 3376 1557 3439 viam
1586 3396 1788 3458 usque
1811 3379 1890 3439 ad
1915 3399 2239 3440 summum
2261 3378 2496 3440 saltum
2519 3389 2691 3441 reeta
2713 3401 2929 3461 proce-

592 3489 800 3551 dendo
824 3487 906 3547 ad
927 3483 1297 3546 fluticetum
1319 3483 1653 3564 magnum)
1676 3486 1819 3543 251.
1852 3482 2079 3546 dinam
2093 3482 2462 3546 bachlatron
2477 3484 2760 3548 maliduc
2774 3492 2935 3547 nant

594 3591 963 3656 baoklatron
985 3588 1201 3651 iuinid
1218 3588 1285 3650 in
1312 3595 1487 3650 trans
1519 3587 1566 3649 d
1574 3586 1696 3669 iqi
1706 3586 1900 3648 rehu
1944 3586 2116 3649 Μαίη
2149 3595 2308 3649 nant
2340 3588 2541 3649 dunin
2566 3589 2674 3669 (ad
2694 3588 2931 3650 vallem

594 3702 704 3773 B„
741 3695 1092 3759 secundum
1122 3697 1202 3755 Β.
1238 3714 1491 3755 sursum
1537 3703 1710 3753 trans
1755 3692 2013 3753 dorsum
2057 3693 2413 3773 quaerendo
2447 3692 2699 3754 fontem·
2721 3692 2930 3754 amnis

595 3801 869 3882 Dubini)
908 3807 1009 3860 74.
1054 3797 1294 3882 qulible
1333 3796 1528 3859 inibit
1557 3796 1915 3878 dirquairet
1948 3844 1961 3858 .
2004 3843 2016 3857 .
2055 3796 2279 3859 inicum
2325 3798 2372 3858 d
2385 3796 2413 3857 i
2452 3796 2739 3859 circha
2782 3798 2932 3860 ken·

595 3909 738 3992 tres
768 3905 1094 3970 merckitir
1125 3905 1266 3984 (G.,
1305 3903 1659 3964 seeundum
1703 3923 1849 3963 eum
1891 3902 2185 3963 deorsum
2214 3912 2384 3962 recta
2414 3922 2633 3963 versus
2666 3902 2761 3963 H.
2800 3903 2932 3981 M.)

601 4024 742 4079 174.
792 4012 900 4075 dir
943 4011 1070 4073 ard
1109 4009 1241 4071 trui
1267 4009 1329 4070 ir
1359 4005 1679 4070 donciani.
1717 4028 1795 4068 ar
1822 4004 1922 4068 hit
1947 4005 2139 4067 irard
2163 4004 2332 4067 nihit
2357 4027 2442 4089 ny
2478 4006 2631 4067 bron
2662 4005 2822 4068 iralt
2851 4008 2900 4067 d
2911 4007 2941 4067 i

595 4121 879 4186 circha
925 4115 1100 4179 Μαίη
1143 4122 1303 4177 nant
1344 4111 1559 4175 humir
1606 4112 1714 4191 (ad
1759 4110 1996 4173 saltum
2039 4131 2255 4171 versus
2302 4119 2512 4171 ortum
2554 4109 2735 4171 vallis
2771 4112 2928 4191 H.),

593 4230 821 4291 im‘aun
862 4221 1078 4288 iuinid
1115 4216 1507 4283 dicurohu
1547 4216 1609 4278 ir
1644 4237 1857 4299 quoun
1888 4205 2090 4277 breim
2133 4235 2211 4275 ar
2241 4214 2471 4278 cecini
2496 4213 2707 4276 minid
2735 4216 2938 4294 (recta

592 4354 850 4397 sursum
894 4349 1112 4392 versus
1151 4323 1453 4407 paludem
1496 4302 1908 4403 variegatam)
1947 4325 2089 4379 175.
2133 4324 2276 4380 187.
2341 4320 2427 4381 Et
2469 4318 2561 4380 ita
2588 4339 2812 4399 porro:
2865 4319 2941 4381 di

593 4438 812 4502 circha
844 4434 1015 4500 trodz’
1044 4438 1190 4494 218.
1229 4428 1302 4491 di
1330 4426 1546 4490 circha
1575 4426 1639 4489 ir
1655 4434 1826 4512 pant
1851 4422 2119 4486 inioecin
2148 4429 2262 4485 231
2280 4471 2296 4488 .
2330 4421 2589 4486 diuinid
2616 4422 2690 4488 di
2713 4422 2938 4491 circha
