3150 5242
642 406 723 465 V.
766 411 824 464 1.
893 424 1165 467 immons
1195 426 1508 469 cnm-lenz
1540 426 1622 469 m·
1653 428 2042 472 nssR1VAT10.
2384 411 2507 471 723

349 572 480 633 IX.
540 572 726 633 Duae
779 594 1092 635 consonae
1141 573 1515 638 inchoantes
1566 576 1849 659 itemque
1898 577 2228 640 finientes:
2289 581 2499 657 claud,

182 677 363 757 plant
391 676 677 760 (proles),
717 679 928 740 crund
953 680 1344 760 (rotundus),
1378 681 1559 744 slind
1584 683 1890 765 (pecten),
1907 682 2078 765 flesc
2107 684 2355 768 (linea).

345 782 437 842 X.
508 782 661 843 Tres
692 803 1005 844 consonae
1035 783 1409 846 inchoantes
1441 808 1588 848 cum
1620 787 1811 847 unica
1839 787 2135 850 finiente:
2181 793 2347 853 scri'b
2379 794 2503 873 (hi-

191 887 351 946 bern.
401 886 727 961 scribenti,
779 886 1096 967 scribere).
1163 889 1382 971 Hujus
1426 890 1681 965 classis,
1729 890 1911 973 cujus
1955 905 2109 956 sunt
2151 895 2344 958 etiam
2386 899 2497 960 lat.

190 989 385 1065 stlata,
421 998 654 1070 strepa,
691 990 914 1067 strido,
939 991 1078 1074 jam
1106 1014 1311 1075 pauca
1340 1006 1493 1057 sunt
1521 995 1835 1077 exempla.

340 1094 622 1158 Celticae
661 1095 901 1157 radices
936 1108 1151 1158 autem
1180 1099 1282 1159 vel
1308 1099 1546 1161 latinae
1575 1120 1752 1160 rarae
1783 1112 1956 1176 sunt,
1994 1125 2155 1184 quae
2184 1105 2505 1190 incipiunt

193 1222 223 1261 a
256 1198 472 1274 tribuS,
510 1199 817 1262 desinunt
857 1201 928 1263 in
966 1203 1125 1264 duas
1164 1224 1499 1279 consonaS,
1533 1213 1609 1265 ut
1637 1204 1751 1266 lat.
1787 1207 2104 1286 ῳῖεηᾱεο,
2140 1212 2403 1295 stria-qa,
2440 1228 2505 1278 et

189 1304 280 1365 vix
325 1304 657 1367 invenitur
701 1304 912 1386 aliqua
957 1307 1295 1370 terminata
1338 1330 1374 1369 a
1418 1309 1656 1382 tn’buS,
1705 1320 1780 1370 ut
1823 1331 2022 1391 germ.
2072 1312 2253 1377 berht
2291 1320 2496 1399 (goth.

192 1409 412 1484 bairht,
464 1410 713 1480 clarus,
761 1432 922 1492 quae
974 1414 1196 1474 eadem
1243 1413 1426 1475 radix
1468 1413 1663 1474 etiam
1705 1415 1922 1476 subest
1964 1417 2210 1479 nomini
2253 1432 2504 1487 vetusto

186 1514 480 1577 Burctzcri
507 1516 673 1577 Tab.
711 1517 928 1589 Peut.,
958 1519 1129 1598 quod
1158 1518 1310 1579 alibi
1339 1518 1732 1580 commodius
1765 1517 1859 1579 ori
1885 1540 2147 1582 romano
2178 1535 2274 1586 est
2297 1527 2503 1591 Bruc-

189 1619 344 1698 tert),
382 1619 562 1682 tenht
604 1620 702 1700 (in
744 1621 1003 1684 nomine
1044 1633 1295 1685 vetusto
1347 1622 1686 1703 Tencteri),
1723 1622 2037 1705 siquidem
2080 1637 2144 1688 et
2186 1627 2307 1690 hae
2347 1646 2502 1695 sunt

183 1744 366 1785 merae
392 1724 667 1800 radiceS,
697 1735 760 1786 et
789 1747 922 1788 non
952 1727 1270 1789 derivatae
1298 1749 1505 1790 voces·
1557 1728 1770 1790 Multo
1798 1728 2015 1790 minus
2042 1738 2502 1813 exspectandae

184 1839 315 1890 sunt
370 1851 558 1891 voces
621 1832 973 1893 secundum
1024 1832 1363 1908 formulas,
1415 1853 1578 1914 quae
1629 1832 1840 1894 adhuc
1891 1836 2174 1897 construi
2224 1841 2494 1919 possint,

184 1933 523 2010 SCERCT,
567 1935 998 2012 SCRERCT,
1034 1936 1089 1997 si
1132 1958 1445 1999 consonae
1476 1935 1855 2082 incipientes
1886 1938 2012 2014 SC,
2050 1940 2239 2018 SCR,
2273 1946 2501 2009 finien-

183 2048 259 2100 tes
286 2041 458 2102 RCT
489 2039 963 2120 significantur.

326 2145 572 2207 Earum
601 2145 888 2206 radicum
916 2145 1166 2229 copiam
1195 2168 1450 2208 omnem
1479 2145 1772 2227 colligere
1802 2159 1867 2208 et
1893 2168 2006 2229 per
2032 2150 2236 2214 varias
2267 2154 2497 2218 classes

180 2249 620 2311 vocabulorum
641 2248 1041 2331 singulorum
1063 2250 1336 2332 origines
1361 2262 1425 2315 et
1447 2250 1934 2333 propagationes
1957 2252 2282 2336 indagare,
2309 2257 2500 2322 lexici

182 2352 331 2416 haud
365 2355 568 2417 dubie
596 2354 930 2436 negotium
960 2365 1078 2431 est,
1113 2377 1245 2419 non
1273 2355 1737 2438 grammaticeS,
1775 2377 1935 2437 quae
1964 2357 2178 2440 potius
2207 2361 2498 2442 pluribus

180 2460 517 2522 communia
550 2461 868 2523 observat.

322 2565 377 2630 E
420 2564 676 2648 syllaba
719 2565 978 2628 radicali
1019 2566 1195 2628 nuda
1236 2567 1409 2627 fiunt
1448 2586 1631 2627 voces
1676 2564 2022 2647 bisyllabae
2063 2568 2166 2630 vel
2209 2568 2494 2650 plurium

181 2668 540 2749 syllabarum
572 2669 873 2746 flexione,
908 2671 1317 2745 derivatione,
1347 2669 1825 2751 compositione.
1878 2671 2201 2735 Flexionis
2232 2676 2493 2757 syllabis

182 2770 415 2837 indutae
459 2795 653 2837 voces
697 2774 1055 2857 primitivae
1096 2775 1355 2857 quidem
1399 2774 1610 2835 adhuc
1658 2773 1981 2850 dicuntur,
2015 2797 2149 2839 non
2178 2780 2496 2844 derivatae

180 2876 411 2955 scilicet,
441 2890 674 2943 auctae
705 2889 920 2941 tamen
950 2890 1124 2956 sunt,
1154 2878 1572 2941 servientibus
1602 2878 1802 2941 literis
1835 2881 2356 2947 terminationum
2381 2908 2494 2949 no-

179 2983 343 3046 minis
383 2986 484 3047 vel
523 2982 731 3057 verbi,
767 3006 927 3066 quae
970 2986 1040 3047 in
1082 2984 1607 3069 praecedentibus
1650 2983 1826 3046 libris
1867 2999 2272 3051 enumeratae
2314 3002 2487 3065 sunt,

178 3085 472 3151 formatae.
538 3089 998 3152 Derivatarum
1038 3101 1103 3152 et
1147 3089 1640 3172 compositarum
1668 3110 1899 3151 vocum
1928 3090 2236 3155 formulae
2268 3094 2367 3155 vel
2398 3116 2492 3156 re-

178 3191 339 3270 gulae
366 3194 434 3256 in
464 3193 886 3278 sequentibus
918 3194 1230 3279 capitibus
1263 3196 1615 3279 tradentur.

881 3641 1227 3712 CAPUT
1292 3642 1750 3713 PRIMUM.

1002 3842 1116 3912 De
1159 3842 1633 3914 derivatione.
1700 3851 1704 3854 “

323 4037 566 4101 Celtica
609 4038 914 4103 derivatio
942 4061 1075 4102 non
1105 4039 1320 4102 minus
1351 4039 1606 4123 copiosa
1636 4037 1828 4122 quam
1857 4041 1927 4104 in
1957 4043 2097 4106 aliis
2127 4044 2365 4126 linguis
2397 4048 2486 4109 af·

173 4135 406 4217 finibus,
442 4154 519 4205 ut
562 4144 637 4205 in
682 4143 806 4219 his,
842 4146 917 4206 fit
963 4154 1095 4206 tam
1124 4144 1444 4207 vocalibus
1477 4167 1671 4228 quam
1700 4147 2016 4211 consonis.
2080 4149 2349 4212 Vocales
2380 4152 2486 4211 de-

170 4238 423 4308 rivantes
454 4259 729 4329 possunt
758 4248 1016 4330 quidem
1037 4248 1347 4312 alternare
1372 4272 1519 4313 cum
1541 4251 2038 4315 derivationibus
2063 4273 2483 4316 consonarum

173 4345 255 4406 vel
295 4351 553 4431 syllabis
604 4352 1038 4416 derivantibus
1083 4354 1163 4415 ab
1207 4352 1434 4418 iisdem
1478 4357 1784 4432 formatis,
1836 4378 1968 4420 non
2011 4358 2490 4439 subsequuntur

170 4455 362 4515 tamen
389 4455 570 4538 ipsae
601 4457 771 4519 solae
800 4456 896 4519 bis
928 4457 1028 4519 vel
1061 4468 1177 4533 ter,
1206 4468 1282 4519 ut
1312 4461 1590 4542 syllabae
1614 4483 1763 4523 cum
1784 4461 2078 4523 consonis
2102 4460 2483 4522 derivantes.

1945 4569 1976 4620 4
1989 4566 2022 4620 6
2039 4561 2071 4592 *
