3150 5242
590 376 716 438 662
1078 373 1197 438 IV.
1238 356 1297 436 2.
1355 388 1919 442 PRAEPosr'rmNES
1951 386 2426 433 BRITAchAE.

593 545 694 608 the
724 544 867 628 hesy
898 563 1034 605 war
1064 542 1177 605 ben
1203 543 1394 626 ιᾳῑθςχη
1425 542 1607 624 (Chr.
1643 541 1780 604 ibat
1822 541 1903 603 ad
1932 540 2245 602 orandum
2273 538 2344 600 in
2371 540 2697 621 genubus)
2724 546 2833 616 56,
2865 544 2939 601 2.

591 672 728 712 war
770 651 883 711 ben
913 671 999 711 un
1030 650 1275 712 meneth
1307 648 1403 729 (in
1434 658 1742 723 montem,
1779 669 1928 709 eum
1954 645 2170 726 duxit)
2209 651 2309 719 16,
2352 650 2409 705 1.
2457 644 2559 727 yll
2585 653 2759 728 troya
2789 667 2834 706 a
2862 666 2945 707 ve

585 756 797 840 yorrc‘s
827 775 964 816 war
994 754 1108 816 ben
1136 777 1177 838 y
1201 755 1338 837 qele
1363 756 1558 833 (unus
1583 774 1693 834 pes
1718 763 1852 815 erat
1872 751 2117 834 positus
2142 771 2333 832 super
2353 750 2652 830 alterum)
2684 757 2710 809 1
2726 756 2831 825 79,
2866 755 2934 809 3.

759 858 1087 921 Armorica
1145 859 1406 921 nomina
1458 858 2002 942 praepositionum
2065 856 2204 918 loco
2265 854 2404 916 sine
2458 853 2940 937 praepositione

588 964 843 1047 propria
884 964 985 1026 vel
1027 987 1176 1027 cum
1216 986 1323 1026 ea:
1375 963 1739 1046 serviehaff
1763 966 1876 1025 doe
1913 962 2065 1046 quir
2104 983 2256 1024 roen
2286 969 2415 1023 ster
2445 960 2552 1022 lzet
2579 981 2687 1022 ma
2718 978 2940 1022 amser

590 1094 630 1134 a
669 1069 1028 1154 prederaff
1057 1070 1315 1150 (servire
1366 1071 1483 1131 deo
1529 1090 1677 1131 vero
1719 1069 1852 1151 regi
1898 1068 2228 1130 stellarum
2273 1067 2626 1128 secundum
2672 1074 2934 1147 tempus

588 1199 824 1252 meum,
860 1198 973 1259 per
1004 1187 1251 1258 tempus
1282 1196 1521 1249 meum,
1556 1173 1794 1258 cogito)
1825 1173 1997 1235 Buh.
2040 1179 2183 1249 190,
2229 1180 2326 1235 15.
2364 1194 2406 1233 α
2435 1172 2541 1234 1ιεί
2568 1173 2718 1233 dece
2749 1171 2935 1233 bloaz

584 1305 743 1366 qoaz
787 1306 857 1344 oz
882 1304 1043 1365 qoaz
1073 1304 1182 1344 eza
1214 1281 1347 1364 diff
1373 1280 1548 1360 (inde
1580 1301 1617 1341 a
1643 1282 1863 1342 decem
1894 1278 2079 1340 annis
2110 1278 2352 1339 malum
2380 1286 2526 1361 post
2555 1278 2801 1339 malum
2830 1286 2931 1338 est
3035 1316 3042 1321 -

588 1387 776 1468 mihi)
817 1394 930 1448 118
937 1435 960 1468 ,
1003 1395 1102 1449 16.
1163 1395 1281 1450 test
1334 1388 1462 1449 dan
1514 1408 1653 1447 mor
1704 1384 1979 1446 armorie
2023 1386 2245 1466 (prope
2296 1402 2469 1443 mare
2513 1380 2930 1459 armoricum)

594 1501 741 1569 148,
777 1500 879 1556 21.
927 1494 1014 1555 da
1056 1492 1321 1555 arkuest
1361 1514 1402 1553 a
1449 1499 1569 1553 test
1609 1491 1739 1552 dan
1784 1511 1922 1551 mor
1963 1511 2040 1551 en
2068 1511 2148 1551 vn
2161 1489 2382 1572 forest
2409 1488 2520 1569 (ad
2550 1496 2933 1568 exspectan-

587 1600 719 1674 daS,
756 1599 941 1673 feras,
976 1619 1170 1680 prope
1199 1618 1370 1658 mare
1401 1595 1471 1658 in
1502 1595 1689 1676 silva)
1726 1600 1827 1670 32,
1872 1601 1928 1656 1.

760 1707 885 1767 Pro
916 1703 1151 1764 cambr.
1189 1700 1307 1776 hit,
1344 1701 1531 1775 bekit,
1570 1701 1688 1776 bet,
1726 1701 1834 1784 byt
1864 1700 2262 1783 significante
2290 1700 2406 1761 lat.
2442 1699 2550 1773 ad,
2579 1718 2779 1780 usque
2810 1696 2929 1770 ad,

585 1820 738 1872 sunt
767 1810 1004 1871 formae
1033 1805 1374 1869 armoricae
1404 1806 1859 1887 frequentiores
1890 1806 2088 1880 BET,
2121 1805 2326 1879 BED,
2357 1804 2629 1866 BEDE:
2668 1803 2930 1883 bedpa-

552 1898 732 1989 vtric,
780 1914 903 1975 bed
940 1914 1117 1995 devy,
1156 1912 1305 1973 bede
1348 1913 1503 1993 devy
1548 1912 1655 1991 (ad
1705 1909 2079 1986 Patricium,
2125 1909 2467 1990 Davidem)
2499 1908 2678 1971 Buh.
2713 1914 2776 1983 6,
2820 1912 2928 1968 15.

590 2025 735 2094 196,
779 2024 879 2079 11.
923 2023 1066 2092 198,
1110 2024 1208 2078 10.
1276 2018 1443 2079 Cum
1488 2016 1756 2079 articulo
1803 2016 1922 2079 bed
1947 2038 2056 2091 an,
2093 2016 2242 2078 bede
2272 2037 2378 2090 an,
2417 2014 2648 2076 beden:
2695 2009 2935 2094 naflzi

584 2133 732 2208 quet
760 2146 951 2186 aman
985 2123 1103 2184 bed
1129 2143 1211 2184 an
1244 2121 1401 2183 hoaz
1427 2123 1536 2201 (ne
1557 2123 1718 2183 fidas
1742 2121 1847 2183 hic
1871 2142 2072 2202 usque
2097 2122 2177 2183 ad
2202 2121 2450 2201 horam)
2479 2124 2624 2194 206,
2655 2126 2719 2179 4.
2755 2118 2927 2179 deuse

585 2233 736 2293 bede
780 2232 864 2291 a'n
911 2229 999 2291 les
1044 2227 1296 2289 celestel
1321 2226 1496 2307 (veni
1538 2228 1620 2289 ad
1661 2227 1876 2288 aulam
1909 2225 2269 2306 coelestem)
2308 2232 2452 2300 146,
2493 2229 2591 2285 12.
2628 2245 2762 2304 pep
2793 2232 2925 2285 stat

587 2336 779 2398 beden
808 2332 1183 2416 predicator
1227 2332 1421 2394 beden
1468 2333 1667 2393 cador
1707 2333 1783 2394 de
1813 2331 1993 2393 enori
2020 2330 2253 2413 (quivis
2285 2331 2366 2393 ad
2395 2328 2920 2412 praedicatorem,

586 2441 666 2502 ad
690 2440 1056 2503 cathedram
1081 2438 1161 2500 ad
1185 2459 1333 2499 eum
1357 2437 1834 2518 honorandum)
1862 2443 1963 2513 76,
1987 2444 2046 2497 7.
2067 2441 2132 2498 8.
2166 2437 2285 2499 den
2310 2457 2351 2497 a
2372 2456 2525 2496 voue
2545 2432 2721 2496 seuiz
2743 2443 2928 2496 stane

586 2545 777 2608 beden
801 2567 987 2607 maru
1009 2566 1129 2629 yen
1148 2543 1367 2626 <homo
1384 2542 1495 2626 qui
1520 2542 1811 2604 toleravit
1833 2551 2084 2604 tantum
2100 2540 2427 2603 molestiae
2442 2561 2644 2621 usque
2660 2541 2740 2601 ad
2757 2560 2925 2601 mor-

585 2661 717 2713 tem
746 2651 1067 2733 frigidam)
1107 2656 1250 2725 102,
1291 2657 1358 2711 14
1375 2697 1388 2710 .
1427 2648 1648 2710 dinam
1673 2648 2104 2731 bedenflnuez
2135 2646 2299 2728 (sine
2328 2646 2581 2708 macula
2610 2666 2813 2727 usque
2842 2646 2927 2707 ad

584 2760 806 2836 finem)
848 2763 988 2831 104,
1030 2763 1089 2816 5.
1154 2756 1237 2816 Ι11
1282 2754 1665 2836 quibusdam
1694 2753 1885 2815 etiam
1918 2753 2256 2815 statuenda
2285 2750 2669 2813 combinatio
2700 2752 2822 2812 bed
2845 2773 2926 2813 en

586 2864 849 2945 (cambr.
888 2862 989 2921 bet
1026 2860 1115 2935 in,
1154 2860 1253 2921 bet
1292 2859 1336 2934 i,
1375 2880 1548 2920 corn.
1588 2859 1697 2943 bys
1725 2865 1842 2943 yn)
1874 2880 2022 2921 cum
2050 2879 2267 2941 praep.
2302 2878 2402 2932 en,
2438 2877 2586 2917 eum
2616 2855 2748 2918 sint
2776 2877 2924 2918 cum

583 2964 1065 3050 pronominibus
1097 2963 1345 3026 suffixis
1377 2965 1500 3026 bed
1524 2964 1764 3048 enhaff
1779 2964 1888 3044 (ad
1917 2966 2116 3044 eum),
2157 2964 2255 3025 bet
2281 2961 2443 3045 enhy
2476 2963 2583 3043 (ad
2614 2983 2786 3036 eam3
2833 2962 2918 3023 cf.

584 3094 649 3155 p.
690 3073 863 3152 638).
929 3070 1232 3132 Notanda
1261 3069 1463 3134 forma
1495 3070 1681 3131 bedec
1709 3069 1949 3152 enhaff
1962 3070 2072 3150 (ad
2102 3070 2276 3150 eum)
2308 3068 2482 3129 Buh.
2525 3072 2670 3142 184,
2711 3073 2817 3128 18.

756 3177 860 3238 Ex
903 3177 1125 3237 eodem
1168 3176 1372 3239 subst.
1410 3174 1511 3238 vel
1555 3173 1681 3255 adj.
1726 3173 1843 3249 hit,
1880 3174 1986 3237 het
2027 3184 2181 3236 sunt
2224 3172 2534 3235 formulae
2578 3173 2923 3234 armoricae

584 3291 872 3344 vetustae
903 3280 1128 3357 eohiw,
1158 3280 1428 3344 eoz'ht'ton
1460 3282 1865 3362 (secundum,
1894 3281 2034 3362 per)
2060 3289 2124 3341 et
2153 3278 2399 3341 cohiton
2427 3276 2503 3340 ki
2523 3279 2754 3360 (usque
2784 3280 2916 3360 ad),

586 3385 806 3448 obviae
836 3385 904 3449 in
936 3387 1158 3448 charta
1188 3409 1245 3449 a.
1280 3393 1395 3448 821
1425 3386 1563 3470 jam
1586 3407 1778 3469 supra
1800 3395 2146 3446 memorata
2170 3386 2263 3466 (p.
2298 3387 2485 3465 627):
2523 3384 2604 3458 do
2618 3385 2740 3468 fos
2763 3392 2922 3446 mat-

584 3513 747 3553 uuor
791 3490 992 3553 eohito
1019 3492 1140 3575 fos
1182 3493 1260 3554 do
1300 3488 1532 3553 imboir
1563 3492 1673 3571 (ad
1702 3491 1934 3553 fossam
1965 3490 2270 3565 Matuori,
2307 3490 2661 3552 secundum
2690 3489 2923 3552 fossam

586 3598 667 3660 ad
698 3599 1014 3678 amnem),
1053 3598 1131 3659 do
1160 3596 1389 3678 rudfos
1421 3596 1694 3659 coibiton
1724 3597 1951 3680 ruffos
1984 3596 2092 3676 (ad
2121 3595 2354 3660 fossam
2383 3596 2661 3670 rubram,
2699 3616 2924 3657 secun-

586 3704 742 3764 dum
772 3704 1030 3765 rubram
1059 3702 1314 3777 fossam,
1345 3695 1505 3783 “per
1533 3703 1793 3764 rubram
1822 3693 2163 3764 fossatam³'
2196 3699 2409 3782 ibid.)‚
2446 3699 2694 3763 eohiton
2724 3700 2921 3784 hiso-

585 3829 703 3870 san
736 3810 967 3890 (usque
997 3809 1078 3870 ad
1107 3807 1435 3883 fossulam,
1465 3801 1902 3870 “fossatellam
1929 3798 2229 3889 usquc²²).

759 3914 1095 3975 Formulae
1139 3914 1480 3976 armoricae
1521 3935 1707 3995 porro
1739 3914 2049 3995 quaedam
2081 3933 2230 3974 cum
2257 3931 2475 3993 praep.
2514 3931 2555 3971 a
2584 3908 2686 3971 vel
2715 3908 2857 3971 aliis
2887 3931 2923 3970 e

587 4018 795 4080 Buh.:
846 4018 1104 4081 breman
1134 4041 1326 4081 aman
1357 4042 1399 4081 a
1422 4041 1574 4102 yoez
1605 4041 1692 4081 an
1725 4019 1825 4081 bet
1852 4020 2053 4097 (nunc
2084 4016 2189 4078 hic
2218 4037 2430 4079 coram
2459 4016 2728 4094 mundo)
2748 4062 2765 4089 ‚
2806 4035 2920 4098 roy

586 4125 845 4187 breman
898 4146 940 4185 a
985 4145 1137 4205 qoez
1189 4146 1273 4187 an
1321 4134 1416 4187 tut
1455 4127 1565 4206 (da
1618 4145 1791 4188 nunc
1844 4144 2052 4185 coram
2093 4121 2461 4184 hominibus
2484 4144 2502 4195 ;
2551 4120 2787 4181 cambr.
2836 4141 2922 4203 yn

579 4232 798 4314 ywyd)
839 4236 979 4306 124,
1015 4235 1114 4291 14.
1151 4233 1293 4307 128,
1327 4236 1429 4291 24.
1467 4253 1508 4293 a
1539 4229 1909 4313 dreffpiler
1936 4248 2077 4292 nem
2102 4227 2322 4311 yueler
2351 4233 2498 4309 quet
2526 4228 2698 4307 (post
2725 4224 2926 4307 pilam

587 4358 717 4398 non
747 4337 988 4417 videor)
1024 4341 1126 4411 54,
1171 4340 1269 4396 12.
1317 4357 1402 4397 an
1429 4336 1584 4417 plat
1620 4358 1662 4398 a
1705 4335 1868 4419 dref
1897 4357 1983 4396 an
2028 4334 2240 4418 clezef
2254 4356 2320 4395 se
2350 4331 2615 4413 (lamina
2645 4331 2716 4394 in
2748 4340 2925 4411 tergo

584 4440 779 4522 hujus
810 4441 1035 4522 gladii)
1066 4448 1209 4517 154,
1246 4449 1302 4502 7.
1340 4464 1381 4503 α
1407 4442 1610 4525 qruzf
1626 4442 1745 4523 hep
1771 4463 1896 4523 you
1928 4464 1969 4504 a
1985 4462 2154 4523 parz
2186 4442 2307 4503 dou
2339 4441 2451 4502 dez
2476 4438 2730 4520 (faciam
2759 4447 2927 4499 certe
