3150 5242
642 344 762 411 VI.
801 348 862 408 2.
916 364 1370 411 -οοΝεΤΒυοΤιο
1400 363 1679 409 roanos
1709 361 2104 407 manumet..
2409 335 2535 399 939

304 511 505 579 “Slani
530 520 784 596 regionis
814 522 886 579 B.
921 539 1040 581 non
1070 520 1333 595 capiebat
1362 510 1533 579 sitim'
1548 517 1644 579 vel
1672 517 1904 584 famem,

306 624 540 696 canebat
568 628 802 681 centum
830 621 1087 697 psalmos
1119 621 1324 697 quavis
1352 626 1544 690 nocte,
1582 620 1706 694 regi
1735 616 2073 692 angelorum
2103 616 2410 673 serviebat.

304 725 586 782 Dormivit
613 725 675 781 in
703 724 894 799 lapide
925 725 1083 781 nudo
1117 723 1272 794 dein,
1303 730 1363 783 et
1392 723 1705 783 arundines
1735 719 1999 777 madidae
2031 718 2249 775 circum
2280 735 2435 784 eum,

301 826 406 883 fuit
427 833 635 884 'cortex
664 827 793 901 ejus
825 826 1033 897 lectuS,
1069 846 1190 887 non
1216 825 1415 900 posuit
1446 843 1620 881 suum
1650 841 1858 898 corpus
1888 821 1950 879 in
1982 812 2191 878 calore.

301 929 670 986 Praedicabat
701 929 1062 1003 evangelium
1092 928 1295 995 cuivis,
1333 926 1583 983 faciebat
1611 944 1821 998 magna
1848 921 2126 979 miracula
2153 921 2291 989 late,

299 1031 533 1087 sanabat
562 1031 803 1088 claudos
825 1032 909 1106 jej
917 1031 1079 1101 unic,
1115 1035 1376 1086 mortuos
1408 1028 1729 1084 suscitabat
1757 1027 1830 1082 ad
1859 1025 2058 1081 vitam.

298 1132 574 1189 Patricius
605 1132 960 1208 praedicavit
991 1132 1202 1200 ScotiS,
1241 1130 1462 1188 curavit
1489 1146 1840 1202 magnopere
1869 1126 2007 1194 late,

296 1250 486 1290 secum
513 1239 584 1292 ut
611 1235 879 1292 venirent
908 1234 983 1291 ad
1004 1233 1316 1309 judicium,
1357 1249 1506 1306 quos
1537 1229 1840 1286 suscitavit
1869 1229 1942 1286 ad
1971 1210 2215 1283 vitam.'’

371 1381 587 1445 Etiam
618 1381 947 1466 trisyllaba
974 1381 1169 1467 plena
1198 1381 1377 1445 adest
1406 1378 1476 1441 in
1505 1374 1793 1440 distichis
1829 1383 1860 1435 7
1896 1384 1960 1436 et
1991 1379 2104 1434 24:

528 1525 803 1583 Doclmm
832 1525 1047 1582 nbrend
1072 1520 1358 1605 dodlfetis
1392 1516 1412 1603 ΙΙ
1446 1520 1638 1596 ainyil
1662 1520 1730 1576 de}
1759 1518 1826 1575 ki
1860 1513 1869 1596 Ι
1892 1517 2113 1595 fithisi

528 1627 719 1686 menie
749 1627 983 1691 itehitlzi
1011 1627 1036 1684 i
1069 1626 1083 1702 Ῑ
1103 1626 1247 1704 fisib
1280 1619 1301 1708 fl
1336 1624 1616 1700 dosniqfet
1641 1620 1893 1680 arithisi.
1914 1616 1947 1650 *
2138 1635 2142 1640 ·

218 1898 338 1950 sain
368 1917 569 1953 nomen
594 1900 706 1953 loci
728 1899 786 1952 in
808 1899 1031 1969 regione
1054 1897 1243 1969 populi
1267 1914 1397 1951 mox
1422 1895 1705 1954 nominati.
1732 1884 1984 1964 nssqebad
2005 1892 2091 1947 vel
2112 1891 2315 1947 rectius
2338 1887 2536 1958 nisqai-

217 1982 313 2047 bed,
341 2002 459 2037 cum
498 1984 826 2055 pronomine
863 1985 1031 2039 infixo
1068 1983 1368 2046 referendo,
1400 1990 1462 2037 ut
1497 1983 1728 2045 videtur,
1759 1981 1829 2035 ad
1863 1978 2144 2050 sequentia
2178 1975 2532 2039 substantiva,

216 2084 324 2120 cum
353 2088 380 2122 s
411 2070 469 2123 in
496 2085 702 2140 genere
725 2058 888 2121 masc.
916 2086 1026 2121 non
1053 2075 1315 2122 occurrat.
1325 2067 1542 2136 segnia,
1571 2067 1703 2121 alias
1713 2068 1897 2137 foym',
1928 2071 2144 2134 propter
2169 2062 2315 2131 quod
2337 2061 2539 2114 rectius

214 2152 413 2208 videtur
433 2153 698 2225 foqm'ad,
725 2171 917 2222 praes„
943 2154 1165 2207 secund.
1194 2161 1257 2206 ut
1299 2154 1485 2216 mad,
1516 2170 1640 2205 cum
1675 2150 1985 2207 assonantia
2022 2148 2263 2201 dimidia.
2276 2146 2408 2214 fdid
2438 2163 2533 2216 pro

212 2239 391 2305 rqfdid,
409 2247 474 2294 ut
495 2257 713 2309 semper
736 2239 864 2310 fere,
886 2239 931 2291 si
950 2237 1298 2306 praeteritum
1314 2239 1486 2307 ponit,
1506 2238 1825 2307 particulam
1843 2234 2112 2289 verbalem
2132 2232 2335 2287 omittit
2351 2236 2532 2302 poeta.

214 2320 314 2387 laic,
342 2324 452 2377 dat.
480 2342 514 2377 a
553 2325 679 2388 liae,
709 2324 874 2394 lapis;
919 2322 1048 2376 luim
1084 2340 1117 2374 a
1148 2339 1295 2377 nom.
1337 2323 1494 2375 lomm
1524 2323 1620 2392 (gl.
1662 2321 1861 2391 nudus)
1889 2319 2019 2383 Wb.
2050 2322 2156 2372 13⁶.
2195 2316 2375 2381 coirte,
2402 2317 2533 2370 hod.

212 2405 409 2460 hibern.
453 2408 599 2478 gael.
642 2407 794 2472 coirt,
840 2407 995 2471 cairt,
1039 2412 1243 2459 cortex.
1281 2407 1591 2461 aritkadart
1621 2425 1719 2479 pro
1753 2401 2105 2475 afrithadam
2134 2404 2250 2472 ejus
2286 2401 2535 2472 pulvinar

212 2493 646 2561 contrapositum,
677 2493 1035 2563 suppositum,
1062 2491 1224 2547 adar&
1251 2509 1439 2561 comp..
1456 2510 1578 2546 cum
1601 2491 1773 2559 frith.
1800 2490 1862 2543 m'
1884 2489 1979 2543 le'z‘c
2003 2487 2219 2551 itimme,
2249 2504 2359 2540 non
2385 2485 2530 2550 sivit,

212 2592 312 2630 non
345 2577 546 2648 posuit,
590 2578 651 2636 in
688 2576 880 2640 calore,
910 2577 947 2630 i.
977 2594 1024 2631 e.
1063 2575 1223 2640 lecto,
1262 2575 1390 2633 lecti
1425 2577 1600 2632 calore
1637 2595 1748 2632 non
1782 2577 1991 2630 fructus
2027 2581 2127 2628 est.
2168 2571 2362 2636 cimme,
2401 2570 2531 2624 hod.

216 2660 343 2716 time.
368 2666 567 2716 εοεοέία
602 2680 702 2732 pro
737 2662 925 2714 soscdle
948 2679 1059 2718 non
1083 2671 1268 2731 tang0,
1300 2662 1426 2732 quia
1451 2663 1760 2718 terminatio
1783 2681 1841 2714 -a
1864 2678 1962 2732 pro
1987 2679 2038 2713 -e
2060 2658 2222 2712 solita
2245 2663 2327 2709 est
2350 2656 2408 2708 in
2431 2655 2535 2708 hoc

213 2743 416 2815 hymno,
457 2748 701 2817 doqnith,
741 2737 938 2814 doyriid
968 2750 1247 2815 mdaeferta,
1277 2747 1335 2800 in
1368 2748 1497 2801 Wb.
1536 2749 1722 2802 denam
1745 2750 1918 2815 ferto,
1947 2745 2137 2797 denum
2159 2745 2312 2810 ferte
2340 2741 2534 2811 (facere

211 2831 439 2898 virtutes,
467 2832 754 2896 miracula,
778 2848 833 2901 p.
861 2834 982 2884 461.
1010 2832 1155 2902 462),
1185 2833 1407 2885 ddnatar
1415 2834 1567 2899 ferte
1596 2832 1753 2902 (fiunt
1787 2830 2063 2893 miracula,
2092 2846 2148 2897 p.
2178 2827 2321 2897 683).
2348 2825 2533 2889 ilethu,

212 2914 400 2982 illethu,
440 2919 500 2971 in
537 2917 849 2981 latitudine,
879 2917 1025 2971 unde
1063 2916 1215 2970 lethit
1243 2917 1319 2986 (p.
1349 2916 1469 2986 770)
1500 2922 1555 2969 et
1591 2917 1699 2986 adj.
1741 2917 1935 2978 lethum
1964 2915 2128 2969 latus.
2159 2914 2303 2965 lusca
2340 2928 2372 2963 a
2410 2911 2531 2973 lose,

213 3002 347 3069 quod
383 3002 530 3055 idem
566 3009 652 3055 est
686 3002 832 3070 quod
871 3002 1081 3067 bacach,
1111 3001 1353 3065 claudus,
1382 3001 1441 3056 in
1481 3001 1648 3070 gloss.
1677 3000 1855 3056 eorm.
1897 3017 1983 3069 ap.
2012 2998 2152 3051 O’R.
2182 2998 2284 3050 sub
2319 3013 2371 3049 v.
2413 2996 2533 3049 lese.

213 3088 393 3151 mea,
421 3104 522 3157 pro
558 3093 750 3150 truse-e,
771 3086 1061 3156 jejunium,
1091 3078 1231 3155 gael.
1263 3092 1426 3154 tracy.
1454 3085 1629 3139 mairb
1666 3085 1975 3154 doffuaetsced,
2004 3084 2073 3136 ad
2107 3082 2359 3137 verbum:
2394 3098 2535 3133 mor-

211 3169 285 3221 tui
306 3188 394 3224 eos
418 3170 736 3236 suscitabat,
765 3170 1094 3224 constructio
1120 3171 1319 3240 objecti
1343 3170 1590 3223 absolute
1612 3171 1892 3240 praemissi
1917 3170 1991 3239 (p.
2016 3169 2135 3238 886)
2156 3190 2169 3231 ;
2199 3165 2538 3222 accusativus

213 3260 288 3307 est
319 3255 459 3310 enim
490 3254 703 3308 marbu.
756 3255 815 3308 Si
839 3256 928 3308 cui
951 3254 1119 3308 nimia
1141 3254 1357 3308 videtur
1380 3255 1511 3308 haec
1535 3259 1727 3324 poetae
1749 3255 1941 3310 relatio
1969 3254 2034 3306 de
2058 3251 2285 3308 mortuis
2309 3252 2535 3305 resusci-

212 3339 327 3392 tatis
343 3380 357 3404 ,
404 3346 683 3412 comparet
717 3338 898 3393 Vitam
947 3340 1004 3396 S.
1044 3339 1421 3394 Mochoemoci
1469 3347 1736 3393 vetustam
1790 3338 2026 3396 auctoris
2058 3335 2356 3399 hibernici,
2397 3345 2536 3405 quae

212 3422 291 3490 pie
323 3433 506 3479 narrat
525 3465 542 3491 ‚
585 3443 709 3479 eum
743 3423 925 3493 plures
958 3431 1203 3478 mortuos
1235 3441 1514 3477 revocasse
1550 3425 1612 3478 in
1644 3425 1829 3489 vitam,
1869 3425 2032 3477 immo
2068 3422 2240 3494 vivos2
2277 3420 2442 3474 filiam
2480 3428 2537 3475 et

212 3523 397 3578 equum
420 3509 636 3565 comitis
661 3509 959 3578 cujusdam,
980 3509 1172 3564 fecisse
1196 3509 1335 3562 mori
1359 3517 1414 3561 et
1437 3516 1626 3579 postea
1646 3511 2010 3565 resuscitasse.
2040 3505 2337 3575 dosfmkced
2357 3523 2534 3575 praes.

212 3607 328 3657 sec„
356 3595 414 3648 in
451 3602 716 3666 sequente
745 3594 981 3659 disticho
1015 3596 1227 3662 doqfusc
1262 3601 1431 3664 praet.
1460 3592 1620 3663 prim.
1647 3595 1798 3648 verbi
1825 3592 2029 3662 tosqim,
2057 3591 2363 3660 defoseyim,
2392 3608 2535 3645 com-

212 3691 317 3744 pos,
345 3696 465 3732 cum
491 3680 681 3747 dof0-,
711 3681 841 3733 dum
865 3679 923 3731 in
947 3679 1066 3732 aliis
1093 3678 1334 3748 ejusdem
1360 3679 1510 3732 verbi
1533 3680 1795 3750 exemplis
1820 3678 2056 3732 occurrit
2082 3676 2247 3730 todiu-
2269 3702 2340 3720 -τ
2364 3676 2546 3745 do-so-
2597 3685 2608 3690 ”“

212 3759 390 3827 εἷο-θῶ,
409 3764 499 3818 vel
520 3763 702 3818 dodiu-
724 3791 796 3808 =
819 3763 1085 3818 do-do-od-
1115 3763 1189 3835 (p.
1210 3764 1355 3834 858).
1383 3764 1564 3817 roches
1590 3764 1803 3818 differre
1825 3764 2041 3820 videtur
2060 3780 2093 3816 a
2109 3763 2308 3825 roche's,
2325 3763 2535 3815 rochae-⁹

214 3842 460 3914 (pertulit,
488 3865 545 3917 p.
574 3850 721 3919 434),
750 3856 815 3903 ut
843 3866 924 3901 ces
946 3848 1003 3901 in
1030 3847 1263 3902 carmine
1288 3848 1488 3904 codicis
1512 3850 1711 3914 Neob.,
1742 3850 1870 3905 hod.
1898 3867 2031 3912 cea-3,
2062 3866 2208 3912 cura,
2236 3847 2475 3912 tristitia,
2505 3866 2538 3902 a

211 3930 352 3986 abead
376 3932 622 4003 (passio).
671 3933 796 3986 Hoc
831 3933 995 3988 modo
1029 3949 1259 4002 sequens
1294 3935 1525 3988 mor-seth
1563 3941 1647 3988 est
1669 3934 1910 3988 adverbii
1934 3934 2073 3998 1000,
2102 3933 2412 4003 significans
2436 3933 2532 3987 lat.

211 4012 497 4081 adnmdwn,
537 4035 868 4087 maqnopere,
895 4036 993 4087 pro
1029 4017 1337 4082 inmorseth,
1367 4036 1490 4073 cum
1521 4020 1655 4083 seth,
1684 4019 1814 4074 hod.
1854 4019 2032 4083 seadk,
2062 4036 2240 4083 causa,
2270 4018 2426 4083 ratic,
2454 4019 2536 4072 in-

212 4096 466 4154 tellectus.
503 4099 672 4167 immi,
703 4103 904 4156 circum
942 4102 1152 4167 eum,'i.
1181 4120 1229 4155 e.
1258 4121 1383 4157 eum
1419 4120 1500 4168 eo,
1530 4110 1595 4157 ut
1631 4103 1689 4157 in
1728 4104 1854 4160 dist.
1884 4108 1952 4160 26
1988 4104 2197 4160 immut-
2237 4107 2446 4167 contat„
2472 4110 2537 4156 ut

213 4182 445 4239 venirent
466 4185 543 4257 (p.
563 4190 647 4239 62.
662 4188 810 4257 495).
848 4187 903 4241 N
905 4188 1105 4242 otanda
1128 4194 1212 4242 est
1233 4187 1323 4242 hic
1348 4188 1680 4244 constructio
1704 4189 1928 4259 pluralis
1946 4189 2096 4246 verbi
2122 4197 2177 4244 et
2199 4187 2535 4259 pronominis

212 4262 354 4321 infixi
375 4287 401 4320 s
423 4269 483 4323 in
507 4270 719 4338 doqfusc
734 4272 897 4341 juxta
919 4270 1060 4341 sing.
1086 4270 1290 4326 incdch.

338 4354 363 4382 ¹*
398 4354 554 4407 Haec
596 4356 663 4409 de
698 4363 885 4410 sancto
923 4361 1048 4410 ante
1086 4357 1203 4427 ejus
1237 4358 1445 4412 aditum
1481 4360 1552 4413 ad
1588 4360 1928 4426 Hiberniam.
1991 4361 2239 4413 Dochum
2282 4358 2355 4429 (p.
2384 4358 2532 4428 620).

212 4432 443 4502 dodfetis,
471 4438 687 4508 ‹lo-df„
716 4459 813 4511 pro
852 4442 1177 4510 dodfeithbss,
1207 4442 1291 4511 cuj
1300 4462 1362 4496 us
1400 4444 1595 4499 radicis
1634 4444 1795 4526 etiam
1834 4446 2047 4499 videtur
2082 4441 2532 4513 sequensfithise,
