3150 5242
642 348 760 409 VI.
803 351 861 409 2.
926 366 1370 412 cons'rnuc'rlo
1402 369 1678 424 rosum
1711 370 2106 414 mnnnmcs.
2414 348 2540 412 919

231 527 466 579 octonas
495 515 789 599 syllabas,
854 518 1242 581 Assonantia
1270 519 1481 582 finalis
1512 519 1876 621 copulativa
1904 520 2279 584 continuata
2307 541 2341 582 e
2369 543 2538 583 com-

229 622 547 686 monefacit
591 622 990 686 assonantiae
1034 623 1443 687 continuatae
1482 625 1935 689 usitatissimae
1975 628 2149 710 apud
2193 625 2536 689 cambricos

229 731 445 811 poetas.
510 727 772 817 Profero
812 730 970 791 duas
1009 728 1245 811 primas
1289 729 1583 813 strophas
1619 732 1818 816 (Opp.
1855 733 1940 794 D.
1975 733 2253 815 August.
2263 779 2284 809 ,
2320 733 2530 815 Lugd.

235 838 398 896 1586.
439 842 498 908 7,
531 857 600 917 p.
642 838 744 916 3):
2473 860 2478 863 ·

498 978 883 1036 Abundantia
910 984 1281 1054 peccatorum
1310 974 1333 1061 ῙΙ
1368 981 1517 1038 solet
1544 982 1750 1039 fratres
1782 985 2155 1053 conturbare;

412 1084 661 1157 Propter
688 1062 800 1139 hoc
830 1081 1101 1139 dominus
1130 1089 1330 1139 noster
1362 1075 1383 1162 ss
1413 1082 1601 1140 voluit
1629 1102 1736 1140 nos
1766 1100 2161 1158 praemonere,

415 1185 1053 1259 Comparansregnum
1082 1184 1375 1241 coelorum
1407 1176 1428 1264 ss
1459 1184 1704 1242 reticulo
1733 1186 1912 1243 misso
1942 1185 2005 1243 in
2034 1205 2210 1256 mare,

416 1286 815 1362 Congreganti
842 1284 1060 1342 multos
1087 1285 1301 1361 pisceS,
1343 1280 1364 1366 ss
1398 1304 1568 1344 omne
1601 1306 1786 1361 genus
1815 1286 1952 1345 hinc
1984 1295 2042 1345 et
2070 1289 2228 1346 inde.

415 1392 582 1453 Quos
616 1407 754 1445 cum
782 1387 1099 1444 traxissent
1128 1388 1201 1443 ad
1229 1387 1390 1458 litus,
1432 1382 1455 1469 n
1487 1395 1627 1445 tunc
1658 1396 1973 1464 coeperunt
2002 1406 2287 1464 separare,

410 1492 611 1548 Bonos
643 1489 709 1546 in
736 1508 877 1546 vasa
906 1489 1209 1557 miserunt,
1251 1482 1273 1569 ss
1305 1489 1561 1563 reliquos
1593 1491 1778 1547 malos
1809 1492 1871 1547 in
1899 1510 2077 1548 mare.

410 1593 704 1668 Quisquis
733 1592 938 1648 recolit
967 1590 1351 1664 evangelium,
1394 1585 1414 1672 n
1445 1599 1824 1667 recognoscat
1853 1612 1987 1650 cum
2014 1594 2240 1663 timore,

404 1696 588 1753 Videt
616 1693 930 1750 reticulum
960 1692 1283 1760 ecclesiam,
1326 1687 1347 1773 [1
1379 1694 1538 1750 videt
1566 1695 1679 1750 hoc
1710 1695 2009 1752 saeculum
2037 1714 2214 1764 mare,

409 1799 617 1854 Genus
650 1800 848 1851 autem
875 1793 1125 1850 mixtum
1153 1793 1330 1868 piscis
1364 1787 1384 1875 ss
1409 1795 1613 1868 justus
1643 1803 1734 1853 est
1764 1816 1898 1854 cum
1925 1804 2246 1873 peccatore.

409 1898 648 1956 Saeculi
676 1896 811 1954 finis
842 1900 934 1952 est
960 1896 1122 1966 litus,
1164 1889 1185 1976 ss
1215 1902 1358 1953 tunc
1390 1903 1480 1953 est
1507 1902 1742 1971 tempus
1772 1916 2058 1973 separare,

411 2000 672 2064 Quando
701 1999 848 2055 retia
875 2004 1179 2073 ruperunt,
1205 1991 1241 2078 ss
1273 1997 1526 2054 multum
1555 1999 1887 2057 dilexenmt
1914 2018 2093 2058 mare.

384 2105 572 2160 -Vasa
601 2104 747 2160 sunt
774 2101 944 2157 sedes
975 2106 1327 2169 sanctorum,
1367 2093 1389 2180 u
1423 2121 1540 2174 quo
1568 2120 1691 2158 non
1719 2108 1970 2176 possunt
1996 2104 2316 2179 pervenire.

494 2256 704 2312 Bonus
735 2254 963 2310 auditor
992 2253 1237 2309 fortasse
1271 2245 1293 2333 ss
1327 2252 1584 2326 quaerit:
1625 2252 1726 2327 qui
1753 2258 2036 2329 ruperunt
2063 2261 2227 2314 rete?

406 2359 709 2415 Homines
735 2356 987 2412 multum
1019 2355 1273 2430 superbi,
1316 2348 1337 2436 ΙΙ
1371 2355 1472 2428 qui
1494 2355 1692 2429 justos
1724 2375 1787 2412 se
1818 2356 2020 2413 dicunt
2050 2377 2199 2414 esse.

411 2461 508 2518 Sic
540 2461 808 2516 fecerunt
839 2457 1150 2514 scissuram
1182 2463 1241 2513 et
1273 2451 1293 2536 ΙΙ
1327 2457 1504 2513 altare
1537 2464 1736 2514 contra
1765 2459 1964 2514 altare.

410 2558 670 2619 Diabolo
701 2576 764 2616 se
795 2559 1175 2627 tradiderunt,
1219 2551 1240 2639 ss
1274 2577 1408 2615 cum
1434 2564 1702 2634 pugnant
1730 2560 1802 2616 de
1832 2558 2161 2631 traditione,

406 2666 489 2721 Et
520 2664 743 2721 crimen
775 2662 932 2736 quod
963 2661 1395 2730 commiserunt,
1438 2655 1459 2742 fl
1490 2662 1552 2717 in
1583 2661 1728 2718 alios
1757 2663 1963 2719 volunt
1991 2664 2323 2721 transferre.

409 2766 536 2841 Ipsi
571 2765 934 2822 tradiderunt
961 2764 1142 2820 libros
1176 2757 1197 2843 ss
1231 2770 1289 2821 et
1318 2781 1426 2820 nos
1458 2765 1677 2821 audent
1706 2783 1996 2834 accusare,

409 2873 496 2927 Ut
521 2862 702 2944 pejus
734 2848 1097 2923 committant
1128 2866 1339 2935 scelus,
1381 2858 1402 2947 Η
1436 2885 1613 2940 quam
1643 2868 2058 2925 commiserunt
2088 2875 2148 2925 et
2176 2876 2331 2926 ante.

411 2970 595 3036 Quod
623 2973 866 3044 possent
896 2985 1131 3023 causam
1160 2966 1437 3023 librorum
1471 2962 1491 3048 ΙῙ
1526 2985 1804 3025 excusare
1834 2969 1906 3025 de
1937 2970 2162 3039 timore,

412 3072 597 3138 Quod
626 3073 835 3128 Petrus
868 3068 1169 3127 Christum
1197 3069 1449 3143 negavit,
1492 3064 1512 3151 fl
1545 3071 1687 3126 dum
1717 3077 2027 3129 terreretur
2056 3071 2129 3129 de
2158 3079 2363 3142 morte,

350 3195 353 3200 ·
409 3176 599 3234 Modo
629 3192 746 3247 quo
774 3177 947 3247 pacto
977 3171 1342 3227 excusabunt
1373 3165 1394 3251 ΙΙ
1426 3172 1648 3229 factum
1677 3173 1856 3229 altare
1889 3179 2088 3230 contra
2117 3174 2295 3230 altare
2311 3173 2341 3228 ⁶?

408 3282 493 3337 Et
522 3261 669 3353 pace
702 3274 923 3332 Christi
953 3272 1248 3330 conscissa
1278 3266 1301 3353 Η
1333 3289 1498 3348 spem
1524 3281 1756 3348 ponunt
1784 3275 1847 3330 in
1874 3271 2112 3331 homine
2126 3278 2162 3330 Τ.

415 3380 598 3445 Quod
623 3382 961 3453 persecutor
988 3394 1108 3432 non
1136 3375 1297 3444 fecit,
1335 3368 1357 3456 Ι]
1390 3376 1505 3450 ipsi
1526 3377 1799 3433 -feeenmt
1825 3377 1887 3433 in
1916 3396 2080 3452 pace.

218 3544 482 3597 sententiis
511 3543 626 3595 suis
650 3518 914 3610 incipiens
940 3558 971 3592 a
995 3539 1246 3593 membris
1273 3540 1598 3610 syllabarum
1622 3537 1985 3610 septendecim
2002 3546 2058 3594 et
2074 3540 2266 3593 finiens
2285 3540 2539 3595 membris

217 3625 396 3695 viginti
434 3629 684 3682 duarum.
734 3627 904 3679 Indos
929 3625 984 3677 in
1013 3643 1335 3695 quocunque
1361 3626 1469 3678 fere
1495 3626 1751 3679 scientiae
1775 3625 1861 3679 vel
1885 3625 2016 3678 artis
2042 3641 2237 3695 genere
2261 3625 2399 3679 bene
2424 3643 2538 3679 ver·

218 3718 348 3765 satos
380 3714 716 3784 rhythmum,
744 3710 782 3764 i.
812 3728 861 3763 e.
890 3710 1170 3763 certiorem
1200 3709 1526 3781 syllabarum
1549 3710 1796 3764 brevium
1821 3717 1877 3764 et
1899 3711 2185 3781 longarum
2211 3712 2456 3764 ordinem
2481 3712 2538 3765 in

219 3797 528 3863 quibusdam
561 3798 783 3851 distichi
817 3797 952 3854 locis
987 3797 1289 3865 adoptasse,
1317 3796 1405 3850 vel
1429 3796 1593 3849 etiam
1608 3795 1725 3865 jam
1749 3797 2112 3849 assonantiam
2136 3797 2350 3850 finalem
2375 3798 2539 3851 inter·-

221 3878 339 3935 dum
375 3885 445 3937 ad
483 3884 743 3954 majorem
782 3889 1032 3935 ornatum
1070 3880 1360 3945 addidisse,
1391 3881 1511 3950 quis
1535 3880 1863 3935 mirabitur?
1896 3883 1986 3935 Ita
2008 3882 2066 3935 in
2099 3883 2534 3952 Ghatakarparo,

221 3966 360 4035 cujus
385 3970 619 4038 primum
645 3968 848 4021 slocum
875 3967 1080 4037 profert
1104 3966 1346 4036 Boppius
1371 3966 1427 4020 in
1457 3967 1697 4020 editione
1720 3967 1847 4019 Nali
1877 3967 2064 4037 (praef.
2093 3985 2147 4037 p.
2177 3968 2336 4039 VIII)
2359 3990 2371 4023 ε

278 4067 595 4137 nit-schitanq
621 4069 781 4121 kkam
806 4071 1001 4138 updtya
1024 4067 1271 4121 niradaih
1298 4071 1314 4138 [Ι
1331 4066 2193 4138 priyakindhridaydwaniradaih

278 4156 480 4208 salilair
500 4153 714 4207 nihitan
737 4154 998 4207 radsehah
1022 4153 1273 4207 kschitau
1299 4153 1317 4220 ss
1343 4152 1816 4207 rawitschandraw
1840 4154 1934 4223 api
1953 4154 2433 4223 nd’palakschitau.

220 4251 300 4306 En
331 4257 693 4310 assonantiam
722 4257 935 4311 finalem
961 4256 1379 4326 contrapositam
1402 4255 1740 4327 bisyllabam‚
1770 4257 1906 4310 adeo
1928 4256 2277 4327 trisyllabam,
2308 4258 2539 4328 syllabas

221 4337 271 4390 in
306 4342 467 4410 priori
500 4343 745 4395 membro
778 4342 1039 4413 cujusque
1063 4359 1251 4395 versus
1275 4349 1462 4396 exacte
1485 4343 1690 4407 decem,
1720 4343 1777 4395 in
1801 4339 2088 4412 posteriori
2111 4344 2379 4398 undecim.
2434 4346 2540 4399 Sed

222 4424 426 4482 unicum
451 4429 554 4483 hoc
581 4429 889 4499 exemplum
910 4427 1253 4496 assonantiae
1273 4427 1408 4482 mihi
1432 4427 1713 4498 cognitum
1739 4433 1838 4481 est.
