3150 5242
590 375 711 439 VI.
748 381 806 437 2.
873 396 1317 441 οοΝεΤιιυσΓιο
1345 398 1623 443 rom-103
1656 397 2052 441 mammea.
2079 370 2089 378 ’
2363 380 2489 440 943

193 534 489 605 “Patricius
520 568 654 629 cum
682 551 791 609 fuit
819 552 881 608 in
909 552 1260 623 infirmitate,
1297 553 1484 610 voluit
1511 553 1596 610 ire
1626 553 1918 622 Macham,

195 651 477 723 praecessit
504 652 745 727 angelus
774 673 966 711 coram
995 674 1065 712 eo
1092 656 1157 712 in
1182 657 1277 712 via
1304 656 1498 712 media
1527 655 1643 712 die.
1648 642 1689 669 '³

339 783 453 847 Vel
495 785 687 848 etiam
730 800 1051 871 praeterea
1099 790 1382 853 diversae
1426 787 1664 895 classis
1690 810 1969 851 consona
1998 785 2306 851 associata
2335 787 2489 871 legi-

194 898 297 966 tur,
329 911 381 952 e.
413 912 506 973 gr.
542 891 613 954 in
644 893 791 956 dist.
832 901 865 956 3
900 905 962 958 et
995 901 1113 958 21.

414 1034 536 1090 Bai
561 1040 624 1093 sb
655 1035 886 1095 blzadna
915 1038 985 1095 hi
995 1042 1249 1118 foqnam
1281 1032 1303 1120 ΙΙ
1336 1037 1513 1095 maise
1542 1037 1700 1095 ddire
1727 1004 2049 1096 nostomled

415 1134 577 1193 batar
606 1138 682 1194 ile
719 1134 728 1218 Ι
769 1140 1059 1216 cathraiqe
1091 1133 1112 1222 ΙΙ
1160 1141 1170 1228 Ι
1207 1140 1401 1197 cethar
1434 1138 1584 1196 trebe
1613 1139 1955 1217 diafognad.
1975 1135 2008 1170 *

184 1237 342 1309 “Fuit
368 1272 468 1311 sex
497 1275 684 1314 annos
714 1258 777 1314 in
807 1259 1104 1328 servitute,
1144 1259 1339 1315 cibum
1368 1277 1668 1315 servorum
1698 1258 2057 1327 comedebat,

188 1351 394 1412 fuerunt
418 1357 639 1416 multae
671 1359 957 1430 civitatee,
997 1365 1247 1434 quatuor
1273 1359 1386 1417 vici
1416 1360 1631 1434 quibus
1663 1347 2017 1417 serviebat.'’

406 1497 529 1555 For
565 1493 576 1579 Ι
619 1498 806 1557 tuaith
839 1499 1010 1555 brend
1038 1497 1135 1554 bai
1168 1496 1178 1572 Ι
1219 1499 1384 1555 temel
1411 1492 1433 1579 ΙΙ
1478 1491 1488 1581 Ι
1524 1505 1683 1554 tuata
1714 1498 1916 1554 adorta
1944 1498 2065 1555 idla

408 1599 475 1656 m'
502 1600 823 1658 clareii-'set
796 1622 857 1658 m
896 1596 905 1681 Ι
927 1601 1231 1678 frdeaeht
1260 1594 1280 1681 ΙΙ
1315 1599 1453 1656 inna
1486 1599 1714 1659 trindite
1753 1593 1762 1679 Ι
1784 1601 1950 1676 sire.
1974 1596 2039 1630 *³⁸*

179 1701 384 1790 “Super
402 1719 694 1794 populum
708 1720 1041 1776 Hiberniae·
1051 1720 1288 1777 fuerunt
1310 1719 1604 1788 tenebrae,
1629 1717 1870 1792 gentilia
1892 1718 2128 1775 adorata
2150 1728 2288 1778 sunt
2309 1722 2484 1809 idola,

139 1853 144 1857 ·
185 1835 283 1874 non
310 1821 677 1878 crediderunt
704 1840 901 1878 veram
930 1821 1206 1879 deitatem
1235 1821 1510 1879 trinitatis
1539 1839 1730 1877 verae.
1735 1806 1778 1833 '³

327 1955 614 2038 Utraque
659 1954 1060 2018 assonantiae
1103 1955 1314 2018 finalis
1359 1964 1678 2018 structura
1720 1952 2042 2018 alternans
2086 1956 2396 2040 reperitur
2424 1958 2493 2021 in

182 2077 291 2120 uno
341 2061 621 2124 carmine
664 2060 842 2124 brevi
884 2060 1168 2143 ejusdem
1210 2083 1510 2124 versuum
1552 2059 1828 2122 ambitus
1875 2073 2199 2143 sequente.
2266 2064 2386 2127 Est
2423 2064 2495 2128 in

182 2162 422 2229 disticho
451 2190 586 2254 uno
620 2166 988 2230 assonantia
1016 2167 1397 2249 copulativa,
1431 2166 1500 2228 in
1531 2166 1730 2228 altero
1761 2166 2210 2249 contraposita.
2280 2218 2286 2222 .

327 2272 478 2334 Fuit
522 2273 849 2356 quondam
892 2273 1281 2336 celebratum
1322 2272 1393 2334 in
1425 2270 1851 2335 Hiberniam
1865 2311 1868 2314 >
1882 2272 2068 2335 -haud
2114 2273 2305 2336 dubie
2347 2280 2495 2358 Ροδ-

182 2515 293 2571 dina
311 2521 555 2587 Machae,
587 2523 753 2593 urbi),
794 2523 926 2577 item
959 2525 1018 2577 in
1053 2524 1206 2578 Actis
1243 2524 1341 2579 SS.
1375 2525 1539 2594 (Boll.
1582 2523 1742 2577 Febr.
1775 2525 1821 2588 1,
1856 2528 1972 2578 126.
2005 2525 2158 2595 164)=
2193 2522 2493 2596 “oppidum

182 2599 497 2673 Macenum”,
531 2606 836 2678 “oppidum
870 2606 1121 2675 Macha'',
1150 2609 1315 2680 juxta
1349 2610 1498 2680 quod
1527 2607 1788 2679 “campus
1823 2607 2076 2664 Macha’'·.
2129 2611 2496 2667 ameddnlathe

182 2687 334 2742 scribo
366 2709 465 2762 pro
488 2693 682 2746 -laitlze
719 2693 776 2746 in
801 2694 959 2748 editis
984 2695 1054 2747 ob
1079 2695 1460 2760 assonantiam,
1490 2713 1615 2749 cum
1638 2694 1712 2748 sit
1735 2695 1898 2749 etiam
1921 2702 2136 2750 vetusta
2157 2697 2331 2750 forma
2356 2699 2498 2752 latha

186 2771 247 2841 (p.
272 2778 406 2848 280),
435 2788 492 2834 et
516 2779 575 2833 in
603 2779 729 2833 dist.
759 2782 824 2833 26
850 2787 1096 2833 occurrat
1117 2779 1352 2833 illathiu.

297 2861 323 2889 ¹*
354 2864 476 2918 Hoc
501 2884 571 2919 ex
595 2865 754 2920 annis
777 2864 1115 2936 juvenilibus
1141 2866 1198 2920 S.
1227 2865 1465 2920 Patricii.
1515 2865 1716 2931 Μαίεε,
1745 2865 2080 2930 alimentum,
2110 2867 2273 2920 etiam
2295 2867 2492 2936 hodie;

185 2949 440 3015 sequentia
475 2951 533 3006 in
573 2951 764 3005 editis.
804 2951 968 3005 mai-se
1002 2950 1155 3004 do'ine
1190 2949 1483 3017 ntbtomled,
1510 2952 1692 3005 cibum
1715 2950 1997 3004 hominum
2022 2968 2133 3004 non
2158 2954 2493 3020 comedebat,

184 3026 324 3083 nimis
359 3032 574 3101 durum,
605 3035 713 3089 levi
736 3036 1037 3091 mutatione
1060 3036 1276 3089 restitui
1302 3043 1365 3089 ut
1389 3054 1568 3107 supra.
1599 3036 1904 3098 nostomled,
1933 3054 2075 3088 no-s-
2081 3042 2140 3101 t„
2171 3054 2295 3090 cum
2318 3057 2385 3090 no
2411 3057 2499 3091 co·

181 3112 295 3166 mite
327 3134 497 3188 praes.
537 3138 648 3173 sec.
686 3128 741 3174 et
780 3120 971 3175 tomled
1002 3146 1073 3163 =
1106 3121 1464 3188 do-fo-meled.
1526 3120 1872 3174 Constructio
1911 3121 2098 3173 eadem
2145 3130 2207 3174 ut
2242 3140 2405 3195 supra
2439 3125 2498 3177 in

182 3198 334 3253 mairb
366 3204 682 3273 doqfuiseed.
709 3204 778 3258 ile
811 3204 1100 3275 eathraiqe,
1131 3212 1285 3258 extra
1319 3205 1764 3276 compositionem
1800 3212 1855 3258 et
1888 3222 2010 3257 cum
2044 3205 2424 3260 terminatione
2448 3227 2500 3261 -e

181 3285 443 3353 superflua,
467 3295 689 3361 propter
712 3298 943 3344 metrum
966 3298 1030 3345 ut
1053 3292 1297 3355 videtur;
1328 3297 1410 3343 est
1434 3289 1579 3343 enim
1604 3288 1736 3342 alibi
1759 3288 2081 3359 ilchatlaraiq
2111 3289 2186 3360 (p.
2210 3293 2356 3361 275).

274 3368 324 3397 “
365 3373 569 3439 Tuata,
612 3375 721 3444 adj.
764 3381 908 3429 tuate
939 3396 1036 3450 pro
1083 3376 1298 3445 tuathde
1339 3375 1413 3446 (p.
1444 3375 1563 3445 765)
1584 3413 1598 3438 ‚
1638 3374 1878 3443 gentilis.
1917 3374 2106 3427 adorta
2141 3375 2282 3445 plur.
2322 3383 2495 3446 praet.

181 3464 304 3517 pasS.
335 3454 406 3527 (p.
433 3461 557 3531 468)
589 3477 621 3514 a
655 3460 819 3513 verbo
856 3460 1029 3515 adrad
1053 3462 1339 3532 (adorare).
1373 3458 1585 3513 triadite
1621 3465 1754 3530 puto
1789 3459 1989 3514 rectius
2025 3460 2186 3513 scribi
2227 3459 2494 3527 Mndo'ite,

183 3549 290 3601 gen.
315 3542 484 3596 subst.
512 3544 737 3599 trinddit
757 3546 972 3600 formati
996 3555 1059 3600 ut
1082 3546 1379 3600 humaldciit
1404 3545 1479 3615 (p.
1509 3545 1655 3615 744).

254 3624 329 3654 *⁴¹*
359 3627 393 3680 J
395 3646 476 3682 am
494 3631 776 3700 cognitum
790 3639 874 3685 est
887 3632 1096 3686 auctori
1107 3632 1264 3685 Vitae
1278 3632 1334 3685 S.
1352 3631 1595 3700 Brigitae
1610 3631 1839 3701 scriptae
1858 3630 2000 3684 circa
2016 3648 2066 3683 a.
2085 3634 2206 3695 980,
2224 3637 2288 3684 ut
2303 3631 2500 3684 editori

183 3706 604 3776 verisimillimum
630 3723 713 3770 est
741 3716 905 3786 (Boll.
934 3718 1095 3771 Febr.
1129 3721 1185 3782 1,Ἣ
1208 3717 1349 3787 102),
1379 3734 1516 3786 quae
1541 3717 1676 3768 haec
1702 3716 1868 3769 refert
1894 3716 2047 3785 (ibid.
2076 3733 2132 3785 p.
2164 3716 2282 3786 171)
2307 3738 2320 3770 ι
2344 3714 2502 3786 “ipsa

177 3788 275 3857 jam
307 3798 491 3866 sciens,
523 3801 672 3870 quod
705 3801 820 3855 dies
846 3802 1296 3857 remunerationis
1323 3819 1451 3855 suae
1476 3800 1732 3865 instabat,
1763 3800 1978 3854 dicebat
2002 3800 2132 3864 suis,
2162 3800 2311 3869 quod
2333 3800 2500 3854 vellet

184 3879 462 3947 sepulcrum
488 3885 546 3938 S.
575 3885 796 3941 Patricii
830 3888 1217 3960 archiepiscopi
1248 3887 1466 3941 visitare
1502 3892 1629 3939 ante
1662 3893 1891 3939 mortem
1928 3903 2100 3938 suam.
2150 3884 2279 3956 Ipsa
2313 3891 2497 3938 autem

184 3962 364 4020 sciebat
385 3988 440 4023 se
464 3989 576 4023 non
599 3988 930 4027 reversuram
954 3973 1172 4045 quidem
1199 3989 1437 4043 corpore,
1468 3979 1523 4025 et
1546 3972 1650 4025 iter
1672 3970 1874 4023 faciens
1902 3970 1981 4022 be
1997 3988 2034 4023 n
2049 3969 2370 4022 edicebat
2405 3977 2498 4022 to-

183 4050 298 4101 tam
329 4053 739 4110 Hiberniam
776 4076 853 4111 ex
888 4060 1074 4112 omni
1122 4066 1346 4129 parte,
1376 4057 1516 4110 sicut
1538 4056 1811 4127 praecepit
1836 4056 1893 4109 S.
1921 4054 2189 4109 Patricius
2215 4053 2499 4124 episcopus

183 4134 392 4190 moriens
427 4147 483 4193 et
518 4140 739 4196 dicensi
772 4144 903 4196 Per
946 4145 1250 4214 triginta
1295 4160 1515 4196 annos
1556 4143 1621 4194 Β.
1662 4141 1968 4211 Brigida
2014 4145 2172 4212 post
2213 4144 2501 4191 mortem

183 4229 369 4274 meam
401 4223 531 4278 ben
546 4227 701 4280 edic
737 4228 1167 4282 Hiberniam.
1212 4229 1290 4281 Et
1311 4229 1532 4280 veniens
1557 4226 1895 4280 sanctissima
1918 4226 1976 4279 in
2000 4223 2362 4295 aquilonalem
2387 4223 2500 4294 pla-

184 4316 293 4368 gam
315 4306 623 4376 Hiberniae,
651 4312 904 4368 videlicet
927 4314 985 4366 in
1009 4313 1339 4383 provinciam
1364 4313 1634 4376 Ultorum,
1659 4311 1884 4381 Brigida
1906 4311 2052 4363 illico
2079 4308 2357 4362 doloribus
2385 4324 2499 4361 cor-

184 4396 318 4458 repta
340 4402 435 4460 est,
460 4403 514 4450 et
537 4403 661 4467 post
683 4398 843 4452 breve
869 4398 1104 4470 spatium
1128 4398 1386 4469 temporis
1411 4398 1552 4451 inter
1575 4396 1981 4450 multitudinem
2006 4401 2333 4456 sanctorum,
2355 4399 2500 4445 aeta-

185 4470 245 4525 tis
268 4492 387 4531 suae
410 4499 550 4535 anno
577 4484 925 4554 octogesimo,
956 4501 1132 4536 anno
1179 4500 1212 4536 v
1228 4500 1342 4536 ero
1379 4483 1524 4552 trig
1539 4500 1567 4535 e
1582 4482 1752 4535 simo
1787 4487 1912 4550 post
1936 4479 2145 4532 obitum
2173 4479 2228 4532 S.
2257 4478 2498 4542 Patricii‚
