<?xml version="1.0" encoding="UTF-8"?>
<!DOCTYPE html PUBLIC "-//W3C//DTD XHTML 1.0 Transitional//EN"
    "http://www.w3.org/TR/xhtml1/DTD/xhtml1-transitional.dtd">
<html xmlns="http://www.w3.org/1999/xhtml" xml:lang="en" lang="en">
 <head>
  <title>
</title>
<meta http-equiv="Content-Type" content="text/html;charset=utf-8" />
  <meta name='ocr-system' content='tesseract 3.04.00' />
  <meta name='ocr-capabilities' content='ocr_page ocr_carea ocr_par ocr_line ocrx_word'/>
</head>
<body>
  <div class='ocr_page' id='page_1' title='image "./grammaticacelti04zeusgoog_0150.png"; bbox 0 0 3150 5242; ppageno 0'>
   <div class='ocr_carea' id='block_1_1' title="bbox 567 367 2387 434">
    <p class='ocr_par' dir='ltr' id='par_1_1' title="bbox 567 367 2387 434">
     <span class='ocr_line' id='line_1_1' title="bbox 567 367 2387 434; baseline -0.001 -4"><span class='ocrx_word' id='word_1_1' title='bbox 567 367 693 431; x_wconf 83' lang='lat'><strong>698</strong></span> <span class='ocrx_word' id='word_1_2' title='bbox 1060 370 1181 434; x_wconf 92' lang='lat' dir='ltr'><strong>IV.</strong></span> <span class='ocrx_word' id='word_1_3' title='bbox 1223 376 1282 431; x_wconf 88' lang='lat'><strong>3.</strong></span> <span class='ocrx_word' id='word_1_4' title='bbox 1348 389 1881 432; x_wconf 67' lang='lat' dir='ltr'><strong>comtmc&#39;rlomss</strong></span> <span class='ocrx_word' id='word_1_5' title='bbox 1913 385 2387 431; x_wconf 78' lang='lat' dir='ltr'><strong>BRITANNICAE.</strong></span> 
     </span>
    </p>
   </div>
   <div class='ocr_carea' id='block_1_2' title="bbox 548 535 2960 4497">
    <p class='ocr_par' dir='ltr' id='par_1_2' title="bbox 562 535 2942 1458">
     <span class='ocr_line' id='line_1_2' title="bbox 562 535 2928 620; baseline -0 -22"><span class='ocrx_word' id='word_1_6' title='bbox 562 559 599 598; x_wconf 88' lang='grc' dir='ltr'><em>ο</em></span> <span class='ocrx_word' id='word_1_7' title='bbox 646 535 746 598; x_wconf 78' lang='lat' dir='ltr'><strong>bei</strong></span> <span class='ocrx_word' id='word_1_8' title='bbox 765 558 954 619; x_wconf 73' lang='lat' dir='ltr'><strong>qares</strong></span> <span class='ocrx_word' id='word_1_9' title='bbox 985 536 1063 600; x_wconf 78' lang='lat' dir='ltr'><strong>itt</strong></span> <span class='ocrx_word' id='word_1_10' title='bbox 1085 560 1281 619; x_wconf 65' lang='grc' dir='ltr'><em>φονου</em></span> <span class='ocrx_word' id='word_1_11' title='bbox 1310 536 1664 620; x_wconf 73' lang='lat' dir='ltr'><strong>karywreic</strong></span> <span class='ocrx_word' id='word_1_12' title='bbox 1693 538 1896 619; x_wconf 78' lang='lat' dir='ltr'><strong>oedyt.</strong></span> <span class='ocrx_word' id='word_1_13' title='bbox 1933 558 1967 596; x_wconf 91' lang='lat' dir='ltr'><strong>o</strong></span> <span class='ocrx_word' id='word_1_14' title='bbox 1999 535 2098 597; x_wconf 80' lang='lat' dir='ltr'><strong>bei</strong></span> <span class='ocrx_word' id='word_1_15' title='bbox 2125 535 2391 598; x_wconf 78' lang='lat' dir='ltr'><strong>orderoh</strong></span> <span class='ocrx_word' id='word_1_16' title='bbox 2421 535 2501 598; x_wconf 81' lang='lat' dir='ltr'><strong>itt</strong></span> <span class='ocrx_word' id='word_1_17' title='bbox 2522 557 2711 618; x_wconf 72' lang='lat' dir='ltr'><strong>yoreu</strong></span> <span class='ocrx_word' id='word_1_18' title='bbox 2732 556 2928 618; x_wconf 72' lang='lat' dir='ltr'><strong>yor-</strong></span> 
     </span>
     <span class='ocr_line' id='line_1_3' title="bbox 564 640 2931 724; baseline -0.001 -21"><span class='ocrx_word' id='word_1_19' title='bbox 564 642 756 704; x_wconf 69' lang='lat' dir='ltr'><strong>derclz</strong></span> <span class='ocrx_word' id='word_1_20' title='bbox 798 644 982 705; x_wconf 79' lang='lat' dir='ltr'><strong>oedut</strong></span> <span class='ocrx_word' id='word_1_21' title='bbox 1025 641 1108 720; x_wconf 90' lang='lat' dir='ltr'><strong>(si</strong></span> <span class='ocrx_word' id='word_1_22' title='bbox 1146 652 1312 704; x_wconf 88' lang='lat' dir='ltr'><strong>esset</strong></span> <span class='ocrx_word' id='word_1_23' title='bbox 1350 642 1552 704; x_wconf 89' lang='lat' dir='ltr'><strong>amica</strong></span> <span class='ocrx_word' id='word_1_24' title='bbox 1595 641 1734 717; x_wconf 89' lang='lat' dir='ltr'><strong>tibi,</strong></span> <span class='ocrx_word' id='word_1_25' title='bbox 1782 641 2063 724; x_wconf 88' lang='lat' dir='ltr'><strong>optimus</strong></span> <span class='ocrx_word' id='word_1_26' title='bbox 2107 651 2349 704; x_wconf 78' lang='lat' dir='ltr'><strong>amator</strong></span> <span class='ocrx_word' id='word_1_27' title='bbox 2389 661 2579 715; x_wconf 83' lang='lat' dir='ltr'><strong>esseS,</strong></span> <span class='ocrx_word' id='word_1_28' title='bbox 2624 640 2676 702; x_wconf 88' lang='lat' dir='ltr'><strong>si</strong></span> <span class='ocrx_word' id='word_1_29' title='bbox 2717 650 2931 721; x_wconf 84' lang='lat' dir='ltr'><strong>esset</strong></span> 
     </span>
     <span class='ocr_line' id='line_1_4' title="bbox 564 743 2932 831; baseline -0.002 -20"><span class='ocrx_word' id='word_1_30' title='bbox 564 770 795 829; x_wconf 90' lang='lat' dir='ltr'><strong>sponsa</strong></span> <span class='ocrx_word' id='word_1_31' title='bbox 834 747 969 824; x_wconf 91' lang='lat' dir='ltr'><strong>tibi,</strong></span> <span class='ocrx_word' id='word_1_32' title='bbox 1006 747 1284 829; x_wconf 89' lang='lat' dir='ltr'><strong>optimus</strong></span> <span class='ocrx_word' id='word_1_33' title='bbox 1322 769 1592 831; x_wconf 82' lang='lat' dir='ltr'><strong>sponsus</strong></span> <span class='ocrx_word' id='word_1_34' title='bbox 1624 750 1816 828; x_wconf 92' lang='lat' dir='ltr'><strong>esses)</strong></span> <span class='ocrx_word' id='word_1_35' title='bbox 1858 754 1914 822; x_wconf 90' lang='lat'><strong>1,</strong></span> <span class='ocrx_word' id='word_1_36' title='bbox 1957 753 2055 811; x_wconf 89' lang='grc'><strong>14.</strong></span> <span class='ocrx_word' id='word_1_37' title='bbox 2104 768 2180 807; x_wconf 78' lang='lat' dir='ltr'><strong>ac</strong></span> <span class='ocrx_word' id='word_1_38' title='bbox 2209 767 2281 806; x_wconf 86' lang='lat' dir='ltr'><strong>or</strong></span> <span class='ocrx_word' id='word_1_39' title='bbox 2312 746 2440 828; x_wconf 78' lang='lat' dir='ltr'><strong>byd</strong></span> <span class='ocrx_word' id='word_1_40' title='bbox 2464 746 2550 807; x_wconf 85' lang='lat' dir='ltr'><strong>da</strong></span> <span class='ocrx_word' id='word_1_41' title='bbox 2574 753 2811 828; x_wconf 73' lang='lat' dir='ltr'><strong>qennyt</strong></span> <span class='ocrx_word' id='word_1_42' title='bbox 2855 743 2932 807; x_wconf 77' lang='lat' dir='ltr'><strong>ti</strong></span> 
     </span>
     <span class='ocr_line' id='line_1_5' title="bbox 565 849 2942 935; baseline -0 -22"><span class='ocrx_word' id='word_1_43' title='bbox 565 852 860 935; x_wconf 73' lang='lat' dir='ltr'><strong>arqlwyd</strong></span> <span class='ocrx_word' id='word_1_44' title='bbox 904 851 1066 915; x_wconf 78' lang='lat' dir='ltr'><strong>miui</strong></span> <span class='ocrx_word' id='word_1_45' title='bbox 1114 853 1249 935; x_wconf 84' lang='lat' dir='ltr'><strong>aas</strong></span> <span class='ocrx_word' id='word_1_46' title='bbox 1278 875 1320 935; x_wconf 86' lang='grc'><strong>3]</strong></span> <span class='ocrx_word' id='word_1_47' title='bbox 1366 851 1601 935; x_wconf 73' lang='lat' dir='ltr'><strong>edryclz</strong></span> <span class='ocrx_word' id='word_1_48' title='bbox 1639 898 1652 912; x_wconf 93' lang='lat'><strong>.</strong></span> <span class='ocrx_word' id='word_1_49' title='bbox 1696 898 1710 913; x_wconf 92' lang='lat'><strong>.</strong></span> <span class='ocrx_word' id='word_1_50' title='bbox 1752 898 1766 912; x_wconf 99' lang='lat'><strong>.</strong></span> <span class='ocrx_word' id='word_1_51' title='bbox 1803 873 1880 914; x_wconf 82' lang='lat' dir='ltr'><strong>ao</strong></span> <span class='ocrx_word' id='word_1_52' title='bbox 1920 872 1986 913; x_wconf 77' lang='lat' dir='ltr'><strong>os</strong></span> <span class='ocrx_word' id='word_1_53' title='bbox 2027 851 2198 932; x_wconf 81' lang='lat' dir='ltr'><strong>uelly</strong></span> <span class='ocrx_word' id='word_1_54' title='bbox 2238 873 2280 933; x_wconf 86' lang='grc'><strong>3]</strong></span> <span class='ocrx_word' id='word_1_55' title='bbox 2324 851 2455 933; x_wconf 78' lang='lat' dir='ltr'><strong>byd</strong></span> <span class='ocrx_word' id='word_1_56' title='bbox 2489 849 2583 911; x_wconf 81' lang='lat' dir='ltr'><strong>mi</strong></span> <span class='ocrx_word' id='word_1_57' title='bbox 2611 850 2942 933; x_wconf 75' lang='lat' dir='ltr'><strong>aarckaf</strong></span> 
     </span>
     <span class='ocr_line' id='line_1_6' title="bbox 564 955 2910 1040; baseline -0 -22"><span class='ocrx_word' id='word_1_58' title='bbox 564 957 733 1018; x_wconf 84' lang='lat' dir='ltr'><strong>idaw</strong></span> <span class='ocrx_word' id='word_1_59' title='bbox 765 960 857 1035; x_wconf 89' lang='lat' dir='ltr'><strong>(et</strong></span> <span class='ocrx_word' id='word_1_60' title='bbox 900 956 953 1018; x_wconf 90' lang='lat' dir='ltr'><strong>si</strong></span> <span class='ocrx_word' id='word_1_61' title='bbox 995 958 1201 1040; x_wconf 88' lang='lat' dir='ltr'><strong>placet</strong></span> <span class='ocrx_word' id='word_1_62' title='bbox 1245 957 1384 1032; x_wconf 93' lang='lat' dir='ltr'><strong>tibi,</strong></span> <span class='ocrx_word' id='word_1_63' title='bbox 1422 956 1700 1031; x_wconf 90' lang='lat' dir='ltr'><strong>domine,</strong></span> <span class='ocrx_word' id='word_1_64' title='bbox 1736 977 1853 1037; x_wconf 86' lang='lat' dir='ltr'><strong>ego</strong></span> <span class='ocrx_word' id='word_1_65' title='bbox 1882 955 1987 1018; x_wconf 93' lang='lat' dir='ltr'><strong>ibo</strong></span> <span class='ocrx_word' id='word_1_66' title='bbox 2015 955 2223 1017; x_wconf 80' lang='lat' dir='ltr'><strong>visum</strong></span> <span class='ocrx_word' id='word_1_67' title='bbox 2263 1002 2276 1017; x_wconf 92' lang='lat'><strong>.</strong></span> <span class='ocrx_word' id='word_1_68' title='bbox 2320 1002 2335 1017; x_wconf 95' lang='lat'><strong>.</strong></span> <span class='ocrx_word' id='word_1_69' title='bbox 2374 1003 2389 1016; x_wconf 97' lang='lat'><strong>.</strong></span> <span class='ocrx_word' id='word_1_70' title='bbox 2411 1002 2432 1030; x_wconf 92' lang='lat'><strong>,</strong></span> <span class='ocrx_word' id='word_1_71' title='bbox 2468 965 2533 1018; x_wconf 91' lang='lat' dir='ltr'><strong>et</strong></span> <span class='ocrx_word' id='word_1_72' title='bbox 2562 955 2617 1016; x_wconf 89' lang='lat' dir='ltr'><strong>si</strong></span> <span class='ocrx_word' id='word_1_73' title='bbox 2645 955 2732 1019; x_wconf 82' lang='lat' dir='ltr'><strong>ita</strong></span> <span class='ocrx_word' id='word_1_74' title='bbox 2760 966 2910 1031; x_wconf 85' lang='lat' dir='ltr'><strong>est,</strong></span> 
     </span>
     <span class='ocr_line' id='line_1_7' title="bbox 563 1059 2915 1144; baseline -0 -21"><span class='ocrx_word' id='word_1_75' title='bbox 563 1084 679 1143; x_wconf 87' lang='lat' dir='ltr'><strong>ego</strong></span> <span class='ocrx_word' id='word_1_76' title='bbox 719 1063 950 1143; x_wconf 87' lang='lat' dir='ltr'><strong>rogabo</strong></span> <span class='ocrx_word' id='word_1_77' title='bbox 995 1065 1169 1144; x_wconf 82' lang='lat' dir='ltr'><strong>eum)</strong></span> <span class='ocrx_word' id='word_1_78' title='bbox 1208 1069 1278 1137; x_wconf 88' lang='lat'><strong>1,</strong></span> <span class='ocrx_word' id='word_1_79' title='bbox 1319 1068 1464 1123; x_wconf 87' lang='grc'><strong>259.</strong></span> <span class='ocrx_word' id='word_1_80' title='bbox 1518 1061 1571 1124; x_wconf 76' lang='lat' dir='ltr'><strong>ti</strong></span> <span class='ocrx_word' id='word_1_81' title='bbox 1611 1062 1859 1144; x_wconf 73' lang='lat' dir='ltr'><strong>aquwy</strong></span> <span class='ocrx_word' id='word_1_82' title='bbox 1903 1060 2220 1123; x_wconf 78' lang='lat' dir='ltr'><strong>chwedleu</strong></span> <span class='ocrx_word' id='word_1_83' title='bbox 2266 1059 2636 1143; x_wconf 73' lang='lat' dir='ltr'><strong>odianqhaf</strong></span> <span class='ocrx_word' id='word_1_84' title='bbox 2657 1108 2671 1122; x_wconf 99' lang='lat'><strong>.</strong></span> <span class='ocrx_word' id='word_1_85' title='bbox 2711 1107 2725 1122; x_wconf 92' lang='lat'><strong>.</strong></span> <span class='ocrx_word' id='word_1_86' title='bbox 2767 1108 2780 1121; x_wconf 97' lang='lat'><strong>.</strong></span> <span class='ocrx_word' id='word_1_87' title='bbox 2817 1082 2915 1122; x_wconf 74' lang='lat' dir='ltr'><strong>os</strong></span> 
     </span>
     <span class='ocr_line' id='line_1_8' title="bbox 565 1164 2911 1249; baseline 0 -23"><span class='ocrx_word' id='word_1_88' title='bbox 565 1166 699 1248; x_wconf 80' lang='lat' dir='ltr'><strong>byw</strong></span> <span class='ocrx_word' id='word_1_89' title='bbox 730 1166 957 1249; x_wconf 78' lang='lat' dir='ltr'><strong>uydafi</strong></span> <span class='ocrx_word' id='word_1_90' title='bbox 989 1213 1003 1227; x_wconf 99' lang='lat'><strong>.</strong></span> <span class='ocrx_word' id='word_1_91' title='bbox 1047 1213 1060 1228; x_wconf 92' lang='lat'><strong>.</strong></span> <span class='ocrx_word' id='word_1_92' title='bbox 1096 1214 1110 1228; x_wconf 97' lang='lat'><strong>.</strong></span> <span class='ocrx_word' id='word_1_93' title='bbox 1146 1165 1557 1249; x_wconf 74' lang='lat' dir='ltr'><strong>ordianqhafl</strong></span> <span class='ocrx_word' id='word_1_94' title='bbox 1585 1187 1657 1228; x_wconf 88' lang='lat' dir='ltr'><strong>or</strong></span> <span class='ocrx_word' id='word_1_95' title='bbox 1687 1164 2105 1228; x_wconf 77' lang='lat' dir='ltr'><strong>twrneimeint</strong></span> <span class='ocrx_word' id='word_1_96' title='bbox 2137 1212 2150 1227; x_wconf 92' lang='lat'><strong>.</strong></span> <span class='ocrx_word' id='word_1_97' title='bbox 2186 1212 2200 1226; x_wconf 94' lang='lat'><strong>.</strong></span> <span class='ocrx_word' id='word_1_98' title='bbox 2235 1213 2249 1227; x_wconf 99' lang='lat'><strong>.</strong></span> <span class='ocrx_word' id='word_1_99' title='bbox 2288 1164 2683 1249; x_wconf 73' lang='lat' dir='ltr'><strong>onidiaqhaf</strong></span> <span class='ocrx_word' id='word_1_100' title='bbox 2697 1165 2911 1227; x_wconf 79' lang='lat' dir='ltr'><strong>inheu</strong></span> 
     </span>
     <span class='ocr_line' id='line_1_9' title="bbox 565 1269 2907 1348; baseline 0 -18"><span class='ocrx_word' id='word_1_101' title='bbox 565 1271 666 1348; x_wconf 89' lang='lat' dir='ltr'><strong>(tu</strong></span> <span class='ocrx_word' id='word_1_102' title='bbox 717 1270 933 1332; x_wconf 88' lang='lat' dir='ltr'><strong>audies</strong></span> <span class='ocrx_word' id='word_1_103' title='bbox 985 1269 1323 1346; x_wconf 90' lang='lat' dir='ltr'><strong>nuntium,</strong></span> <span class='ocrx_word' id='word_1_104' title='bbox 1376 1270 1430 1332; x_wconf 92' lang='lat' dir='ltr'><strong>si</strong></span> <span class='ocrx_word' id='word_1_105' title='bbox 1470 1280 1673 1332; x_wconf 90' lang='lat' dir='ltr'><strong>morte</strong></span> <span class='ocrx_word' id='word_1_106' title='bbox 1719 1271 2075 1345; x_wconf 86' lang='lat' dir='ltr'><strong>decessero,</strong></span> <span class='ocrx_word' id='word_1_107' title='bbox 2118 1318 2132 1332; x_wconf 97' lang='lat'><strong>.</strong></span> <span class='ocrx_word' id='word_1_108' title='bbox 2176 1317 2189 1331; x_wconf 91' lang='lat'><strong>.</strong></span> <span class='ocrx_word' id='word_1_109' title='bbox 2226 1269 2281 1331; x_wconf 91' lang='lat' dir='ltr'><strong>si</strong></span> <span class='ocrx_word' id='word_1_110' title='bbox 2319 1269 2506 1332; x_wconf 85' lang='lat' dir='ltr'><strong>vivus</strong></span> <span class='ocrx_word' id='word_1_111' title='bbox 2544 1292 2685 1346; x_wconf 90' lang='lat' dir='ltr'><strong>ero,</strong></span> <span class='ocrx_word' id='word_1_112' title='bbox 2725 1317 2740 1330; x_wconf 96' lang='lat'><strong>.</strong></span> <span class='ocrx_word' id='word_1_113' title='bbox 2782 1318 2798 1331; x_wconf 95' lang='lat'><strong>.</strong></span> <span class='ocrx_word' id='word_1_114' title='bbox 2831 1269 2907 1331; x_wconf 86' lang='lat' dir='ltr'><strong>si</strong></span> 
     </span>
     <span class='ocr_line' id='line_1_10' title="bbox 563 1374 2895 1458; baseline 0 -23"><span class='ocrx_word' id='word_1_115' title='bbox 563 1384 764 1436; x_wconf 90' lang='lat' dir='ltr'><strong>morte</strong></span> <span class='ocrx_word' id='word_1_116' title='bbox 794 1376 1115 1437; x_wconf 84' lang='lat' dir='ltr'><strong>decessero</strong></span> <span class='ocrx_word' id='word_1_117' title='bbox 1147 1385 1605 1450; x_wconf 88' lang='lat' dir='ltr'><strong>torneamento,</strong></span> <span class='ocrx_word' id='word_1_118' title='bbox 1640 1422 1655 1436; x_wconf 95' lang='lat'><strong>.</strong></span> <span class='ocrx_word' id='word_1_119' title='bbox 1690 1422 1704 1437; x_wconf 92' lang='lat'><strong>.</strong></span> <span class='ocrx_word' id='word_1_120' title='bbox 1735 1374 1789 1436; x_wconf 90' lang='lat' dir='ltr'><strong>si</strong></span> <span class='ocrx_word' id='word_1_121' title='bbox 1811 1396 1943 1453; x_wconf 63' lang='lat' dir='ltr'><strong>nou</strong></span> <span class='ocrx_word' id='word_1_122' title='bbox 1967 1376 2317 1458; x_wconf 82' lang='lat' dir='ltr'><strong>decessero)</strong></span> <span class='ocrx_word' id='word_1_123' title='bbox 2343 1378 2520 1438; x_wconf 87' lang='lat' dir='ltr'><strong>Mab.</strong></span> <span class='ocrx_word' id='word_1_124' title='bbox 2553 1380 2613 1451; x_wconf 90' lang='lat'><strong>2,</strong></span> <span class='ocrx_word' id='word_1_125' title='bbox 2649 1381 2747 1436; x_wconf 85' lang='lat'><strong>12.</strong></span> <span class='ocrx_word' id='word_1_126' title='bbox 2783 1380 2895 1435; x_wconf 88' lang='grc'><strong>16.</strong></span> 
     </span>
    </p>

    <p class='ocr_par' dir='ltr' id='par_1_3' title="bbox 563 1466 2899 1773">
     <span class='ocr_line' id='line_1_11' title="bbox 737 1466 2892 1563; baseline 0 -21"><span class='ocrx_word' id='word_1_127' title='bbox 737 1480 903 1542; x_wconf 89' lang='lat' dir='ltr'><strong>Cum</strong></span> <span class='ocrx_word' id='word_1_128' title='bbox 933 1481 1267 1542; x_wconf 85' lang='lat' dir='ltr'><strong>accedente</strong></span> <span class='ocrx_word' id='word_1_129' title='bbox 1297 1479 1628 1563; x_wconf 89' lang='lat' dir='ltr'><strong>participio</strong></span> <span class='ocrx_word' id='word_1_130' title='bbox 1657 1489 1857 1561; x_wconf 87' lang='lat' dir='ltr'><strong>praet.</strong></span> <span class='ocrx_word' id='word_1_131' title='bbox 1892 1501 2060 1562; x_wconf 78' lang='lat' dir='ltr'><strong>paSS.</strong></span> <span class='ocrx_word' id='word_1_132' title='bbox 2097 1479 2346 1543; x_wconf 84' lang='lat' dir='ltr'><strong>oderuit</strong></span> <span class='ocrx_word' id='word_1_133' title='bbox 2374 1480 2456 1561; x_wconf 92' lang='lat' dir='ltr'><strong>(si</strong></span> <span class='ocrx_word' id='word_1_134' title='bbox 2486 1466 2725 1542; x_wconf 83' lang='lat' dir='ltr'><strong>factum</strong></span> <span class='ocrx_word' id='word_1_135' title='bbox 2756 1490 2851 1542; x_wconf 88' lang='lat' dir='ltr'><strong>est</strong></span> <span class='ocrx_word' id='word_1_136' title='bbox 2866 1504 2892 1554; x_wconf 83' lang='lat'>3</span> 
     </span>
     <span class='ocr_line' id='line_1_12' title="bbox 563 1585 2899 1667; baseline 0 -22"><span class='ocrx_word' id='word_1_137' title='bbox 563 1605 598 1645; x_wconf 90' lang='lat' dir='ltr'><strong>e</strong></span> <span class='ocrx_word' id='word_1_138' title='bbox 627 1586 799 1646; x_wconf 85' lang='lat' dir='ltr'><strong>verb.</strong></span> <span class='ocrx_word' id='word_1_139' title='bbox 836 1605 1114 1665; x_wconf 82' lang='lat' dir='ltr'><strong>compOS.</strong></span> <span class='ocrx_word' id='word_1_140' title='bbox 1150 1585 1401 1660; x_wconf 76' lang='lat' dir='ltr'><strong>daruot,</strong></span> <span class='ocrx_word' id='word_1_141' title='bbox 1429 1607 1513 1646; x_wconf 92' lang='lat' dir='ltr'><strong>an</strong></span> <span class='ocrx_word' id='word_1_142' title='bbox 1542 1594 1743 1667; x_wconf 88' lang='lat' dir='ltr'><strong>praet.</strong></span> <span class='ocrx_word' id='word_1_143' title='bbox 1780 1605 1946 1666; x_wconf 89' lang='lat' dir='ltr'><strong>pass.</strong></span> <span class='ocrx_word' id='word_1_144' title='bbox 1984 1606 2018 1646; x_wconf 99' lang='lat' dir='ltr'><strong>e</strong></span> <span class='ocrx_word' id='word_1_145' title='bbox 2048 1586 2218 1646; x_wconf 88' lang='lat' dir='ltr'><strong>verb.</strong></span> <span class='ocrx_word' id='word_1_146' title='bbox 2248 1585 2428 1661; x_wconf 81' lang='lat' dir='ltr'><strong>deru,</strong></span> <span class='ocrx_word' id='word_1_147' title='bbox 2459 1587 2624 1648; x_wconf 79' lang='lat' dir='ltr'><strong>dara</strong></span> <span class='ocrx_word' id='word_1_148' title='bbox 2641 1587 2729 1666; x_wconf 66' lang='lat'><strong>.9)‚</strong></span> <span class='ocrx_word' id='word_1_149' title='bbox 2760 1605 2899 1647; x_wconf 86' lang='lat' dir='ltr'><strong>sae-</strong></span> 
     </span>
     <span class='ocr_line' id='line_1_13' title="bbox 563 1687 2802 1773; baseline 0.001 -24"><span class='ocrx_word' id='word_1_150' title='bbox 563 1688 708 1771; x_wconf 92' lang='lat' dir='ltr'><strong>pius</strong></span> <span class='ocrx_word' id='word_1_151' title='bbox 740 1690 998 1751; x_wconf 88' lang='lat' dir='ltr'><strong>obvium</strong></span> <span class='ocrx_word' id='word_1_152' title='bbox 1027 1689 1097 1752; x_wconf 90' lang='lat' dir='ltr'><strong>in</strong></span> <span class='ocrx_word' id='word_1_153' title='bbox 1128 1689 1312 1771; x_wconf 69' lang='lat' dir='ltr'><strong>Leg„</strong></span> <span class='ocrx_word' id='word_1_154' title='bbox 1341 1689 1510 1751; x_wconf 92' lang='lat' dir='ltr'><strong>idem</strong></span> <span class='ocrx_word' id='word_1_155' title='bbox 1540 1688 1878 1771; x_wconf 84' lang='lat' dir='ltr'><strong>significat,</strong></span> <span class='ocrx_word' id='word_1_156' title='bbox 1914 1690 2082 1771; x_wconf 91' lang='lat' dir='ltr'><strong>quod</strong></span> <span class='ocrx_word' id='word_1_157' title='bbox 2113 1687 2384 1771; x_wconf 85' lang='lat' dir='ltr'><strong>simplex</strong></span> <span class='ocrx_word' id='word_1_158' title='bbox 2413 1688 2802 1773; x_wconf 64' lang='lat' dir='ltr'><strong>conjunctim</strong></span> 
     </span>
    </p>

    <p class='ocr_par' dir='ltr' id='par_1_4' title="bbox 561 1793 2960 2818">
     <span class='ocr_line' id='line_1_14' title="bbox 732 1793 2894 1878; baseline 0.001 -23"><span class='ocrx_word' id='word_1_159' title='bbox 732 1794 890 1870; x_wconf 90' lang='lat' dir='ltr'><strong>AM,</strong></span> <span class='ocrx_word' id='word_1_160' title='bbox 928 1795 1276 1857; x_wconf 87' lang='lat' dir='ltr'>GWRTH</span> <span class='ocrx_word' id='word_1_161' title='bbox 1309 1793 1521 1874; x_wconf 87' lang='lat' dir='ltr'><strong>(circa,</strong></span> <span class='ocrx_word' id='word_1_162' title='bbox 1557 1804 1812 1876; x_wconf 86' lang='lat' dir='ltr'><strong>propter</strong></span> <span class='ocrx_word' id='word_1_163' title='bbox 1844 1796 2010 1876; x_wconf 91' lang='lat' dir='ltr'><strong>quod</strong></span> <span class='ocrx_word' id='word_1_164' title='bbox 2024 1818 2043 1869; x_wconf 99' lang='lat'>3</span> <span class='ocrx_word' id='word_1_165' title='bbox 2077 1793 2121 1855; x_wconf 91' lang='lat' dir='ltr'><strong>i.</strong></span> <span class='ocrx_word' id='word_1_166' title='bbox 2158 1816 2214 1856; x_wconf 91' lang='lat' dir='ltr'><strong>e.</strong></span> <span class='ocrx_word' id='word_1_167' title='bbox 2252 1794 2459 1878; x_wconf 87' lang='lat' dir='ltr'><strong>quia):</strong></span> <span class='ocrx_word' id='word_1_168' title='bbox 2494 1795 2746 1877; x_wconf 64' lang='lat' dir='ltr'><strong>pallam</strong></span> <span class='ocrx_word' id='word_1_169' title='bbox 2778 1795 2894 1858; x_wconf 78' lang='lat' dir='ltr'><strong>heb</strong></span> 
     </span>
     <span class='ocr_line' id='line_1_15' title="bbox 561 1898 2892 1983; baseline 0.001 -23"><span class='ocrx_word' id='word_1_170' title='bbox 561 1920 643 1982; x_wconf 75' lang='lat' dir='ltr'><strong>yr</strong></span> <span class='ocrx_word' id='word_1_171' title='bbox 682 1898 773 1960; x_wconf 78' lang='lat' dir='ltr'><strong>ki.</strong></span> <span class='ocrx_word' id='word_1_172' title='bbox 811 1920 914 1962; x_wconf 84' lang='lat' dir='ltr'><strong>am</strong></span> <span class='ocrx_word' id='word_1_173' title='bbox 961 1907 1077 1962; x_wconf 78' lang='lat' dir='ltr'><strong>nat</strong></span> <span class='ocrx_word' id='word_1_174' title='bbox 1116 1908 1245 1983; x_wconf 81' lang='lat' dir='ltr'><strong>wyt</strong></span> <span class='ocrx_word' id='word_1_175' title='bbox 1270 1900 1645 1982; x_wconf 71' lang='lat' dir='ltr'><strong>ynenryded</strong></span> <span class='ocrx_word' id='word_1_176' title='bbox 1671 1900 1799 1982; x_wconf 79' lang='lat' dir='ltr'><strong>dyn</strong></span> <span class='ocrx_word' id='word_1_177' title='bbox 1833 1898 2011 1979; x_wconf 64' lang='lat' dir='ltr'><strong>(cur&#39;f</strong></span> <span class='ocrx_word' id='word_1_178' title='bbox 2058 1898 2221 1960; x_wconf 80' lang='lat' dir='ltr'><strong>dixit</strong></span> <span class='ocrx_word' id='word_1_179' title='bbox 2250 1920 2344 1961; x_wconf 87' lang='lat' dir='ltr'><strong>ea.</strong></span> <span class='ocrx_word' id='word_1_180' title='bbox 2382 1899 2533 1981; x_wconf 90' lang='lat' dir='ltr'><strong>quia</strong></span> <span class='ocrx_word' id='word_1_181' title='bbox 2558 1922 2692 1962; x_wconf 89' lang='lat' dir='ltr'><strong>non</strong></span> <span class='ocrx_word' id='word_1_182' title='bbox 2719 1912 2799 1961; x_wconf 90' lang='lat' dir='ltr'><strong>tu</strong></span> <span class='ocrx_word' id='word_1_183' title='bbox 2829 1922 2892 1962; x_wconf 86' lang='lat' dir='ltr'><strong>es</strong></span> 
     </span>
     <span class='ocr_line' id='line_1_16' title="bbox 563 2003 2892 2089; baseline 0.001 -24"><span class='ocrx_word' id='word_1_184' title='bbox 563 2004 753 2066; x_wconf 89' lang='lat' dir='ltr'><strong>homo</strong></span> <span class='ocrx_word' id='word_1_185' title='bbox 807 2003 1141 2084; x_wconf 89' lang='lat' dir='ltr'><strong>honestus)</strong></span> <span class='ocrx_word' id='word_1_186' title='bbox 1189 2005 1365 2065; x_wconf 88' lang='lat' dir='ltr'><strong>Mab.</strong></span> <span class='ocrx_word' id='word_1_187' title='bbox 1406 2007 1478 2078; x_wconf 86' lang='lat'><strong>2,</strong></span> <span class='ocrx_word' id='word_1_188' title='bbox 1523 2009 1621 2064; x_wconf 80' lang='lat'><strong>10.</strong></span> <span class='ocrx_word' id='word_1_189' title='bbox 1670 2004 1960 2084; x_wconf 79' lang='lat' dir='ltr'><strong>pauedol</strong></span> <span class='ocrx_word' id='word_1_190' title='bbox 2005 2026 2107 2087; x_wconf 75' lang='lat' dir='ltr'><strong>yw</strong></span> <span class='ocrx_word' id='word_1_191' title='bbox 2163 2026 2205 2086; x_wconf 99' lang='grc'><strong>3]</strong></span> <span class='ocrx_word' id='word_1_192' title='bbox 2252 2012 2351 2066; x_wconf 81' lang='lat' dir='ltr'><strong>teu</strong></span> <span class='ocrx_word' id='word_1_193' title='bbox 2397 2004 2487 2066; x_wconf 79' lang='lat' dir='ltr'><strong>di.</strong></span> <span class='ocrx_word' id='word_1_194' title='bbox 2535 2005 2892 2089; x_wconf 79' lang='lat' dir='ltr'><strong>medylyaw</strong></span> 
     </span>
     <span class='ocr_line' id='line_1_17' title="bbox 566 2107 2886 2191; baseline 0 -22"><span class='ocrx_word' id='word_1_195' title='bbox 566 2129 669 2169; x_wconf 85' lang='lat' dir='ltr'><strong>am</strong></span> <span class='ocrx_word' id='word_1_196' title='bbox 708 2131 795 2170; x_wconf 83' lang='lat' dir='ltr'><strong>na</strong></span> <span class='ocrx_word' id='word_1_197' title='bbox 834 2130 934 2171; x_wconf 81' lang='lat' dir='ltr'><strong>wn</strong></span> <span class='ocrx_word' id='word_1_198' title='bbox 972 2130 1064 2190; x_wconf 79' lang='lat' dir='ltr'><strong>pa</strong></span> <span class='ocrx_word' id='word_1_199' title='bbox 1109 2109 1165 2170; x_wconf 82' lang='lat' dir='ltr'><strong>le</strong></span> <span class='ocrx_word' id='word_1_200' title='bbox 1207 2107 1388 2191; x_wconf 80' lang='lat' dir='ltr'><strong>ydaf</strong></span> <span class='ocrx_word' id='word_1_201' title='bbox 1418 2107 1574 2169; x_wconf 70' lang='lat' dir='ltr'><strong>beno</strong></span> <span class='ocrx_word' id='word_1_202' title='bbox 1609 2110 1797 2189; x_wconf 91' lang='lat' dir='ltr'><strong>(quae</strong></span> <span class='ocrx_word' id='word_1_203' title='bbox 1842 2107 2170 2173; x_wconf 84' lang='lat' dir='ltr'><strong>meditatio</strong></span> <span class='ocrx_word' id='word_1_204' title='bbox 2206 2118 2303 2170; x_wconf 89' lang='lat' dir='ltr'><strong>est</strong></span> <span class='ocrx_word' id='word_1_205' title='bbox 2335 2107 2489 2170; x_wconf 76' lang='lat' dir='ltr'><strong>tibi?</strong></span> <span class='ocrx_word' id='word_1_206' title='bbox 2532 2108 2886 2185; x_wconf 81' lang='lat' dir='ltr'><strong>meditatiO,</strong></span> 
     </span>
     <span class='ocr_line' id='line_1_18' title="bbox 568 2212 2892 2294; baseline 0.001 -21"><span class='ocrx_word' id='word_1_207' title='bbox 568 2212 718 2293; x_wconf 90' lang='lat' dir='ltr'><strong>quia</strong></span> <span class='ocrx_word' id='word_1_208' title='bbox 758 2212 993 2288; x_wconf 86' lang='lat' dir='ltr'><strong>nesci0,</strong></span> <span class='ocrx_word' id='word_1_209' title='bbox 1042 2234 1167 2294; x_wconf 93' lang='lat' dir='ltr'><strong>quo</strong></span> <span class='ocrx_word' id='word_1_210' title='bbox 1208 2213 1345 2275; x_wconf 92' lang='lat' dir='ltr'><strong>loco</strong></span> <span class='ocrx_word' id='word_1_211' title='bbox 1388 2212 1511 2274; x_wconf 89' lang='lat' dir='ltr'><strong>sim</strong></span> <span class='ocrx_word' id='word_1_212' title='bbox 1554 2212 1671 2273; x_wconf 90' lang='lat' dir='ltr'><strong>hac</strong></span> <span class='ocrx_word' id='word_1_213' title='bbox 1718 2214 1931 2293; x_wconf 86' lang='lat' dir='ltr'><strong>nocte)</strong></span> <span class='ocrx_word' id='word_1_214' title='bbox 1964 2213 2142 2277; x_wconf 90' lang='lat' dir='ltr'><strong>Mab.</strong></span> <span class='ocrx_word' id='word_1_215' title='bbox 2181 2217 2240 2289; x_wconf 88' lang='lat'><strong>2,</strong></span> <span class='ocrx_word' id='word_1_216' title='bbox 2284 2220 2385 2275; x_wconf 90' lang='lat'><strong>13.</strong></span> <span class='ocrx_word' id='word_1_217' title='bbox 2436 2213 2598 2276; x_wconf 74' lang='lat' dir='ltr'><strong>wrth</strong></span> <span class='ocrx_word' id='word_1_218' title='bbox 2640 2222 2757 2277; x_wconf 80' lang='lat' dir='ltr'><strong>nat</strong></span> <span class='ocrx_word' id='word_1_219' title='bbox 2797 2221 2892 2275; x_wconf 82' lang='lat' dir='ltr'><strong>at·</strong></span> 
     </span>
     <span class='ocr_line' id='line_1_19' title="bbox 564 2317 2892 2401; baseline 0.001 -24"><span class='ocrx_word' id='word_1_220' title='bbox 564 2323 815 2378; x_wconf 82' lang='lat' dir='ltr'><strong>waenat</strong></span> <span class='ocrx_word' id='word_1_221' title='bbox 853 2318 968 2379; x_wconf 80' lang='lat' dir='ltr'><strong>neb</strong></span> <span class='ocrx_word' id='word_1_222' title='bbox 1009 2339 1138 2400; x_wconf 75' lang='lat' dir='ltr'><strong>yny</strong></span> <span class='ocrx_word' id='word_1_223' title='bbox 1183 2317 1345 2399; x_wconf 70' lang='lat' dir='ltr'><strong>drqf</strong></span> <span class='ocrx_word' id='word_1_224' title='bbox 1375 2325 1589 2400; x_wconf 75' lang='lat' dir='ltr'><strong>mynet</strong></span> <span class='ocrx_word' id='word_1_225' title='bbox 1630 2337 1823 2378; x_wconf 79' lang='lat' dir='ltr'><strong>aoruc</strong></span> <span class='ocrx_word' id='word_1_226' title='bbox 1863 2338 1944 2400; x_wconf 76' lang='lat' dir='ltr'><strong>yr</strong></span> <span class='ocrx_word' id='word_1_227' title='bbox 1986 2317 2234 2401; x_wconf 77' lang='lat' dir='ltr'><strong>kenllys</strong></span> <span class='ocrx_word' id='word_1_228' title='bbox 2266 2320 2446 2401; x_wconf 87' lang='lat' dir='ltr'><strong>(quia</strong></span> <span class='ocrx_word' id='word_1_229' title='bbox 2494 2341 2624 2381; x_wconf 90' lang='lat' dir='ltr'><strong>non</strong></span> <span class='ocrx_word' id='word_1_230' title='bbox 2658 2339 2892 2401; x_wconf 87' lang='lat' dir='ltr'><strong>cogno-</strong></span> 
     </span>
     <span class='ocr_line' id='line_1_20' title="bbox 565 2420 2889 2504; baseline 0 -22"><span class='ocrx_word' id='word_1_231' title='bbox 565 2423 777 2483; x_wconf 89' lang='lat' dir='ltr'><strong>scebat</strong></span> <span class='ocrx_word' id='word_1_232' title='bbox 822 2443 969 2483; x_wconf 92' lang='lat' dir='ltr'><strong>eum</strong></span> <span class='ocrx_word' id='word_1_233' title='bbox 1008 2421 1275 2503; x_wconf 61' lang='lat' dir='ltr'><strong>aliquis»,</strong></span> <span class='ocrx_word' id='word_1_234' title='bbox 1325 2422 1416 2483; x_wconf 91' lang='lat' dir='ltr'><strong>ire</strong></span> <span class='ocrx_word' id='word_1_235' title='bbox 1456 2421 1663 2504; x_wconf 90' lang='lat' dir='ltr'><strong>coepit</strong></span> <span class='ocrx_word' id='word_1_236' title='bbox 1706 2420 1786 2482; x_wconf 91' lang='lat' dir='ltr'><strong>ad</strong></span> <span class='ocrx_word' id='word_1_237' title='bbox 1833 2420 2046 2482; x_wconf 87' lang='lat' dir='ltr'><strong>aulam</strong></span> <span class='ocrx_word' id='word_1_238' title='bbox 2089 2425 2433 2504; x_wconf 85' lang='lat' dir='ltr'><strong>vetustam)</strong></span> <span class='ocrx_word' id='word_1_239' title='bbox 2466 2424 2643 2485; x_wconf 90' lang='lat' dir='ltr'><strong>Mab.</strong></span> <span class='ocrx_word' id='word_1_240' title='bbox 2685 2429 2744 2498; x_wconf 89' lang='lat'><strong>2,</strong></span> <span class='ocrx_word' id='word_1_241' title='bbox 2787 2429 2889 2484; x_wconf 87' lang='grc'><strong>12.</strong></span> 
     </span>
     <span class='ocr_line' id='line_1_21' title="bbox 564 2513 2893 2612; baseline 0 -23"><span class='ocrx_word' id='word_1_242' title='bbox 564 2513 731 2589; x_wconf 87' lang='lat' dir='ltr'><strong>Cum</strong></span> <span class='ocrx_word' id='word_1_243' title='bbox 775 2525 1126 2589; x_wconf 86' lang='lat' dir='ltr'><strong>infinitivo:</strong></span> <span class='ocrx_word' id='word_1_244' title='bbox 1176 2525 1337 2590; x_wconf 79' lang='lat' dir='ltr'><strong>torri</strong></span> <span class='ocrx_word' id='word_1_245' title='bbox 1374 2550 1416 2611; x_wconf 81' lang='grc'><strong>3]</strong></span> <span class='ocrx_word' id='word_1_246' title='bbox 1453 2526 1672 2610; x_wconf 73' lang='lat' dir='ltr'><strong>qallon</strong></span> <span class='ocrx_word' id='word_1_247' title='bbox 1710 2571 1725 2586; x_wconf 95' lang='lat'><strong>.</strong></span> <span class='ocrx_word' id='word_1_248' title='bbox 1765 2571 1781 2586; x_wconf 90' lang='lat'><strong>.</strong></span> <span class='ocrx_word' id='word_1_249' title='bbox 1823 2572 1838 2586; x_wconf 95' lang='lat'><strong>.</strong></span> <span class='ocrx_word' id='word_1_250' title='bbox 1874 2546 1978 2588; x_wconf 86' lang='lat' dir='ltr'><strong>am</strong></span> <span class='ocrx_word' id='word_1_251' title='bbox 2020 2528 2198 2591; x_wconf 80' lang='lat' dir='ltr'><strong>welet</strong></span> <span class='ocrx_word' id='word_1_252' title='bbox 2235 2551 2279 2610; x_wconf 86' lang='grc'><strong>3]</strong></span> <span class='ocrx_word' id='word_1_253' title='bbox 2323 2528 2554 2612; x_wconf 79' lang='lat' dir='ltr'><strong>cledyf</strong></span> <span class='ocrx_word' id='word_1_254' title='bbox 2578 2527 2816 2612; x_wconf 77' lang='lat' dir='ltr'><strong>ynllad</strong></span> <span class='ocrx_word' id='word_1_255' title='bbox 2848 2550 2893 2612; x_wconf 90' lang='grc'><strong>3]</strong></span> 
     </span>
     <span class='ocr_line' id='line_1_22' title="bbox 562 2630 2960 2716; baseline 0.001 -24"><span class='ocrx_word' id='word_1_256' title='bbox 562 2654 700 2716; x_wconf 80' lang='lat' dir='ltr'><strong>wyr</strong></span> <span class='ocrx_word' id='word_1_257' title='bbox 730 2632 966 2714; x_wconf 81' lang='lat' dir='ltr'><strong>(frangi</strong></span> <span class='ocrx_word' id='word_1_258' title='bbox 1007 2655 1113 2695; x_wconf 90' lang='lat' dir='ltr'><strong>cor</strong></span> <span class='ocrx_word' id='word_1_259' title='bbox 1153 2632 1311 2715; x_wconf 76' lang='lat' dir='ltr'><strong>ejuS,</strong></span> <span class='ocrx_word' id='word_1_260' title='bbox 1353 2680 1367 2694; x_wconf 99' lang='lat'><strong>.</strong></span> <span class='ocrx_word' id='word_1_261' title='bbox 1409 2679 1423 2693; x_wconf 92' lang='lat'><strong>.</strong></span> <span class='ocrx_word' id='word_1_262' title='bbox 1459 2633 1539 2693; x_wconf 92' lang='lat' dir='ltr'><strong>ob</strong></span> <span class='ocrx_word' id='word_1_263' title='bbox 1581 2630 1812 2707; x_wconf 86' lang='lat' dir='ltr'><strong>videre,</strong></span> <span class='ocrx_word' id='word_1_264' title='bbox 1851 2631 2001 2713; x_wconf 89' lang='lat' dir='ltr'><strong>quia</strong></span> <span class='ocrx_word' id='word_1_265' title='bbox 2028 2632 2282 2696; x_wconf 84' lang='lat' dir='ltr'><strong>videbat</strong></span> <span class='ocrx_word' id='word_1_266' title='bbox 2308 2633 2597 2716; x_wconf 85' lang='lat' dir='ltr'><strong>gladium</strong></span> <span class='ocrx_word' id='word_1_267' title='bbox 2628 2633 2893 2696; x_wconf 89' lang='lat' dir='ltr'><strong>caeden-</strong></span> <span class='ocrx_word' id='word_1_268' title='bbox 2953 2673 2960 2681; x_wconf 89' lang='lat'>-</span> 
     </span>
     <span class='ocr_line' id='line_1_23' title="bbox 565 2738 1369 2818; baseline -0.004 -18"><span class='ocrx_word' id='word_1_269' title='bbox 565 2748 694 2800; x_wconf 90' lang='lat' dir='ltr'><strong>tem</strong></span> <span class='ocrx_word' id='word_1_270' title='bbox 724 2738 917 2818; x_wconf 84' lang='lat' dir='ltr'><strong>viros)</strong></span> <span class='ocrx_word' id='word_1_271' title='bbox 949 2739 1125 2799; x_wconf 88' lang='lat' dir='ltr'><strong>Mab.</strong></span> <span class='ocrx_word' id='word_1_272' title='bbox 1168 2744 1226 2812; x_wconf 91' lang='lat'><strong>3,</strong></span> <span class='ocrx_word' id='word_1_273' title='bbox 1267 2743 1369 2798; x_wconf 87' lang='lat'><strong>99.</strong></span> 
     </span>
    </p>

    <p class='ocr_par' dir='ltr' id='par_1_5' title="bbox 548 2839 2895 3232">
     <span class='ocr_line' id='line_1_24' title="bbox 733 2839 2891 2927; baseline 0.001 -23"><span class='ocrx_word' id='word_1_274' title='bbox 733 2844 864 2904; x_wconf 88' lang='lat' dir='ltr'><strong>YR</strong></span> <span class='ocrx_word' id='word_1_275' title='bbox 894 2843 1001 2922; x_wconf 87' lang='lat' dir='ltr'><strong>(ad</strong></span> <span class='ocrx_word' id='word_1_276' title='bbox 1033 2841 1240 2923; x_wconf 75' lang='lat' dir='ltr'><strong>quod?</strong></span> <span class='ocrx_word' id='word_1_277' title='bbox 1272 2840 1316 2902; x_wconf 91' lang='lat' dir='ltr'><strong>i.</strong></span> <span class='ocrx_word' id='word_1_278' title='bbox 1353 2862 1409 2901; x_wconf 92' lang='lat' dir='ltr'><strong>e.</strong></span> <span class='ocrx_word' id='word_1_279' title='bbox 1445 2839 1794 2922; x_wconf 84' lang='lat' dir='ltr'><strong>quamvis):</strong></span> <span class='ocrx_word' id='word_1_280' title='bbox 1831 2850 2044 2925; x_wconf 77' lang='lat' dir='ltr'><strong>mynet</strong></span> <span class='ocrx_word' id='word_1_281' title='bbox 2069 2842 2251 2904; x_wconf 75' lang='lat' dir='ltr'><strong>serok</strong></span> <span class='ocrx_word' id='word_1_282' title='bbox 2278 2865 2320 2926; x_wconf 87' lang='grc'><strong>3]</strong></span> <span class='ocrx_word' id='word_1_283' title='bbox 2350 2863 2614 2926; x_wconf 78' lang='lat' dir='ltr'><strong>uorwyn</strong></span> <span class='ocrx_word' id='word_1_284' title='bbox 2641 2867 2729 2927; x_wconf 74' lang='lat' dir='ltr'><strong>yn</strong></span> <span class='ocrx_word' id='word_1_285' title='bbox 2756 2865 2891 2927; x_wconf 78' lang='lat' dir='ltr'><strong>ym-</strong></span> 
     </span>
     <span class='ocr_line' id='line_1_25' title="bbox 548 2943 2895 3030; baseline 0.001 -23"><span class='ocrx_word' id='word_1_286' title='bbox 548 2947 679 3027; x_wconf 84' lang='lat' dir='ltr'><strong>pob</strong></span> <span class='ocrx_word' id='word_1_287' title='bbox 722 2947 952 3008; x_wconf 82' lang='lat' dir='ltr'><strong>aelawt</strong></span> <span class='ocrx_word' id='word_1_288' title='bbox 992 2944 1159 3008; x_wconf 81' lang='lat' dir='ltr'><strong>idaw</strong></span> <span class='ocrx_word' id='word_1_289' title='bbox 1198 2966 1279 3028; x_wconf 80' lang='lat' dir='ltr'><strong>yr</strong></span> <span class='ocrx_word' id='word_1_290' title='bbox 1320 2965 1438 3006; x_wconf 76' lang='lat' dir='ltr'><strong>nas</strong></span> <span class='ocrx_word' id='word_1_291' title='bbox 1478 2943 1735 3026; x_wconf 56' lang='lat' dir='ltr'><strong>‚qwelsei</strong></span> <span class='ocrx_word' id='word_1_292' title='bbox 1775 2944 2010 3028; x_wconf 79' lang='lat' dir='ltr'><strong>eiryoet</strong></span> <span class='ocrx_word' id='word_1_293' title='bbox 2039 2946 2281 3027; x_wconf 89' lang='lat' dir='ltr'><strong>(venire</strong></span> <span class='ocrx_word' id='word_1_294' title='bbox 2326 2969 2500 3010; x_wconf 89' lang='lat' dir='ltr'><strong>amor</strong></span> <span class='ocrx_word' id='word_1_295' title='bbox 2539 2949 2792 3030; x_wconf 88' lang='lat' dir='ltr'><strong>puellae</strong></span> <span class='ocrx_word' id='word_1_296' title='bbox 2820 2948 2895 3009; x_wconf 91' lang='lat' dir='ltr'><strong>in</strong></span> 
     </span>
     <span class='ocr_line' id='line_1_26' title="bbox 563 3047 2887 3135; baseline -0.001 -19"><span class='ocrx_word' id='word_1_297' title='bbox 563 3071 816 3116; x_wconf 88' lang='lat' dir='ltr'><strong>omnem</strong></span> <span class='ocrx_word' id='word_1_298' title='bbox 856 3048 1142 3111; x_wconf 92' lang='lat' dir='ltr'><strong>animum</strong></span> <span class='ocrx_word' id='word_1_299' title='bbox 1183 3047 1235 3131; x_wconf 92' lang='lat' dir='ltr'><strong>ej</strong></span> <span class='ocrx_word' id='word_1_300' title='bbox 1243 3071 1340 3124; x_wconf 61' lang='lat' dir='ltr'><strong>us»,</strong></span> <span class='ocrx_word' id='word_1_301' title='bbox 1392 3048 1680 3130; x_wconf 86' lang='lat' dir='ltr'><strong>quamvis</strong></span> <span class='ocrx_word' id='word_1_302' title='bbox 1724 3070 1856 3111; x_wconf 88' lang='lat' dir='ltr'><strong>non</strong></span> <span class='ocrx_word' id='word_1_303' title='bbox 1900 3072 2039 3113; x_wconf 92' lang='lat' dir='ltr'><strong>eam</strong></span> <span class='ocrx_word' id='word_1_304' title='bbox 2081 3051 2323 3114; x_wconf 87' lang='lat' dir='ltr'><strong>viderat</strong></span> <span class='ocrx_word' id='word_1_305' title='bbox 2362 3056 2676 3135; x_wconf 87' lang='lat' dir='ltr'><strong>unquam)</strong></span> <span class='ocrx_word' id='word_1_306' title='bbox 2709 3054 2887 3116; x_wconf 91' lang='lat' dir='ltr'><strong>Mab.</strong></span> 
     </span>
     <span class='ocr_line' id='line_1_27' title="bbox 566 3159 2514 3232; baseline 0.001 -18"><span class='ocrx_word' id='word_1_307' title='bbox 566 3160 626 3232; x_wconf 90' lang='lat'><strong>2,</strong></span> <span class='ocrx_word' id='word_1_308' title='bbox 670 3159 812 3216; x_wconf 86' lang='lat'><strong>199.</strong></span> <span class='ocrx_word' id='word_1_309' title='bbox 2509 3219 2514 3224; x_wconf 74' lang='grc'>,</span> 
     </span>
    </p>

    <p class='ocr_par' dir='ltr' id='par_1_6' title="bbox 561 3256 2894 4075">
     <span class='ocr_line' id='line_1_28' title="bbox 734 3256 2893 3345; baseline 0.001 -24"><span class='ocrx_word' id='word_1_310' title='bbox 734 3261 911 3322; x_wconf 88' lang='lat' dir='ltr'><strong>TRA</strong></span> <span class='ocrx_word' id='word_1_311' title='bbox 957 3261 1160 3339; x_wconf 90' lang='lat' dir='ltr'><strong>(trans</strong></span> <span class='ocrx_word' id='word_1_312' title='bbox 1212 3259 1381 3340; x_wconf 92' lang='lat' dir='ltr'><strong>quod</strong></span> <span class='ocrx_word' id='word_1_313' title='bbox 1398 3282 1417 3333; x_wconf 93' lang='lat'>3</span> <span class='ocrx_word' id='word_1_314' title='bbox 1475 3256 1520 3319; x_wconf 94' lang='lat' dir='ltr'><strong>i.</strong></span> <span class='ocrx_word' id='word_1_315' title='bbox 1556 3280 1614 3321; x_wconf 90' lang='lat' dir='ltr'><strong>e.</strong></span> <span class='ocrx_word' id='word_1_316' title='bbox 1665 3258 2004 3342; x_wconf 82' lang='lat' dir='ltr'><strong>quamdiu,</strong></span> <span class='ocrx_word' id='word_1_317' title='bbox 2056 3262 2315 3341; x_wconf 88' lang='lat' dir='ltr'><strong>donec):</strong></span> <span class='ocrx_word' id='word_1_318' title='bbox 2377 3268 2480 3323; x_wconf 79' lang='lat' dir='ltr'><strong>tra</strong></span> <span class='ocrx_word' id='word_1_319' title='bbox 2529 3262 2718 3345; x_wconf 76' lang='lat' dir='ltr'><strong>vas</strong></span> <span class='ocrx_word' id='word_1_320' title='bbox 2756 3282 2893 3345; x_wconf 73' lang='lat' dir='ltr'><strong>vyw</strong></span> 
     </span>
     <span class='ocr_line' id='line_1_29' title="bbox 564 3361 2893 3448; baseline 0.001 -22"><span class='ocrx_word' id='word_1_321' title='bbox 564 3364 896 3448; x_wconf 82' lang='lat' dir='ltr'><strong>(quamdiu</strong></span> <span class='ocrx_word' id='word_1_322' title='bbox 949 3387 1052 3427; x_wconf 91' lang='lat' dir='ltr'><strong>ero</strong></span> <span class='ocrx_word' id='word_1_323' title='bbox 1101 3364 1315 3440; x_wconf 85' lang='lat' dir='ltr'><strong>vivus,</strong></span> <span class='ocrx_word' id='word_1_324' title='bbox 1362 3361 1615 3443; x_wconf 89' lang='lat' dir='ltr'><strong>faciam)</strong></span> <span class='ocrx_word' id='word_1_325' title='bbox 1648 3364 1825 3425; x_wconf 92' lang='lat' dir='ltr'><strong>Mab.</strong></span> <span class='ocrx_word' id='word_1_326' title='bbox 1868 3370 1894 3423; x_wconf 88' lang='lat'>1</span> <span class='ocrx_word' id='word_1_327' title='bbox 1915 3411 1936 3439; x_wconf 92' lang='lat'><strong>,</strong></span> <span class='ocrx_word' id='word_1_328' title='bbox 1977 3371 2078 3426; x_wconf 85' lang='lat'><strong>37.</strong></span> <span class='ocrx_word' id='word_1_329' title='bbox 2137 3363 2252 3427; x_wconf 75' lang='lat' dir='ltr'><strong>ahi</strong></span> <span class='ocrx_word' id='word_1_330' title='bbox 2300 3387 2429 3427; x_wconf 77' lang='lat' dir='ltr'><strong>auu</strong></span> <span class='ocrx_word' id='word_1_331' title='bbox 2470 3366 2660 3428; x_wconf 82' lang='lat' dir='ltr'><strong>wreic</strong></span> <span class='ocrx_word' id='word_1_332' title='bbox 2703 3374 2893 3428; x_wconf 74' lang='lat' dir='ltr'><strong>traua</strong></span> 
     </span>
     <span class='ocr_line' id='line_1_30' title="bbox 561 3467 2894 3554; baseline 0 -23"><span class='ocrx_word' id='word_1_333' title='bbox 561 3492 697 3554; x_wconf 77' lang='lat' dir='ltr'><strong>vyw</strong></span> <span class='ocrx_word' id='word_1_334' title='bbox 739 3467 812 3531; x_wconf 78' lang='lat' dir='ltr'><strong>ki</strong></span> <span class='ocrx_word' id='word_1_335' title='bbox 839 3472 932 3549; x_wconf 91' lang='lat' dir='ltr'><strong>(et</strong></span> <span class='ocrx_word' id='word_1_336' title='bbox 976 3491 1048 3531; x_wconf 91' lang='lat' dir='ltr'><strong>ea</strong></span> <span class='ocrx_word' id='word_1_337' title='bbox 1085 3468 1208 3530; x_wconf 88' lang='lat' dir='ltr'><strong>fuit</strong></span> <span class='ocrx_word' id='word_1_338' title='bbox 1236 3489 1398 3529; x_wconf 85' lang='lat' dir='ltr'><strong>uxor</strong></span> <span class='ocrx_word' id='word_1_339' title='bbox 1427 3467 1585 3550; x_wconf 79' lang='lat' dir='ltr'><strong>ejuS,</strong></span> <span class='ocrx_word' id='word_1_340' title='bbox 1623 3469 1822 3530; x_wconf 89' lang='lat' dir='ltr'><strong>donec</strong></span> <span class='ocrx_word' id='word_1_341' title='bbox 1851 3469 1975 3531; x_wconf 79' lang='lat' dir='ltr'><strong>fuit</strong></span> <span class='ocrx_word' id='word_1_342' title='bbox 2003 3469 2173 3552; x_wconf 86' lang='lat' dir='ltr'><strong>viva)</strong></span> <span class='ocrx_word' id='word_1_343' title='bbox 2212 3478 2268 3546; x_wconf 90' lang='lat'><strong>1,</strong></span> <span class='ocrx_word' id='word_1_344' title='bbox 2308 3476 2410 3531; x_wconf 89' lang='grc'><strong>36.</strong></span> <span class='ocrx_word' id='word_1_345' title='bbox 2475 3470 2753 3532; x_wconf 89' lang='lat' dir='ltr'><strong>Additur</strong></span> <span class='ocrx_word' id='word_1_346' title='bbox 2782 3492 2894 3552; x_wconf 89' lang='lat' dir='ltr'><strong>per</strong></span> 
     </span>
     <span class='ocr_line' id='line_1_31' title="bbox 563 3571 2892 3658; baseline 0 -22"><span class='ocrx_word' id='word_1_347' title='bbox 563 3575 1002 3657; x_wconf 89' lang='lat' dir='ltr'><strong>pleonasmum</strong></span> <span class='ocrx_word' id='word_1_348' title='bbox 1044 3571 1195 3655; x_wconf 78' lang='lat' dir='ltr'><strong>kyt:</strong></span> <span class='ocrx_word' id='word_1_349' title='bbox 1240 3572 1354 3656; x_wconf 74' lang='lat' dir='ltr'><strong>kyt</strong></span> <span class='ocrx_word' id='word_1_350' title='bbox 1398 3580 1498 3634; x_wconf 80' lang='lat' dir='ltr'><strong>tra</strong></span> <span class='ocrx_word' id='word_1_351' title='bbox 1540 3582 1687 3636; x_wconf 81' lang='lat' dir='ltr'><strong>vont</strong></span> <span class='ocrx_word' id='word_1_352' title='bbox 1716 3572 1858 3656; x_wconf 76' lang='lat' dir='ltr'><strong>lzwy</strong></span> <span class='ocrx_word' id='word_1_353' title='bbox 1886 3596 1975 3656; x_wconf 75' lang='lat' dir='ltr'><strong>yn</strong></span> <span class='ocrx_word' id='word_1_354' title='bbox 2002 3596 2045 3658; x_wconf 85' lang='grc'><strong>3]</strong></span> <span class='ocrx_word' id='word_1_355' title='bbox 2079 3574 2160 3637; x_wconf 79' lang='lat' dir='ltr'><strong>lle</strong></span> <span class='ocrx_word' id='word_1_356' title='bbox 2190 3574 2442 3637; x_wconf 77' lang='lat' dir='ltr'><strong>kadarn</strong></span> <span class='ocrx_word' id='word_1_357' title='bbox 2471 3574 2742 3637; x_wconf 77' lang='lat' dir='ltr'><strong>hwnnw.</strong></span> <span class='ocrx_word' id='word_1_358' title='bbox 2778 3597 2892 3658; x_wconf 80' lang='lat' dir='ltr'><strong>ny—</strong></span> 
     </span>
     <span class='ocr_line' id='line_1_32' title="bbox 566 3677 2886 3762; baseline -0.002 -17"><span class='ocrx_word' id='word_1_359' title='bbox 566 3681 709 3746; x_wconf 83' lang='lat' dir='ltr'><strong>daw</strong></span> <span class='ocrx_word' id='word_1_360' title='bbox 747 3699 993 3762; x_wconf 74' lang='lat' dir='ltr'><strong>qormes</strong></span> <span class='ocrx_word' id='word_1_361' title='bbox 1034 3700 1076 3760; x_wconf 89' lang='grc'><strong>3]</strong></span> <span class='ocrx_word' id='word_1_362' title='bbox 1116 3699 1277 3760; x_wconf 75' lang='lat' dir='ltr'><strong>ynys</strong></span> <span class='ocrx_word' id='word_1_363' title='bbox 1309 3677 1593 3760; x_wconf 78' lang='lat' dir='ltr'><strong>prydein</strong></span> <span class='ocrx_word' id='word_1_364' title='bbox 1626 3679 1957 3760; x_wconf 86' lang='lat' dir='ltr'><strong>(quamdiu</strong></span> <span class='ocrx_word' id='word_1_365' title='bbox 1997 3678 2235 3742; x_wconf 85' lang='lat' dir='ltr'><strong>fuerint</strong></span> <span class='ocrx_word' id='word_1_366' title='bbox 2264 3679 2333 3740; x_wconf 91' lang='lat' dir='ltr'><strong>in</strong></span> <span class='ocrx_word' id='word_1_367' title='bbox 2362 3679 2501 3741; x_wconf 93' lang='lat' dir='ltr'><strong>loco</strong></span> <span class='ocrx_word' id='word_1_368' title='bbox 2530 3679 2651 3741; x_wconf 89' lang='lat' dir='ltr'><strong>hoc</strong></span> <span class='ocrx_word' id='word_1_369' title='bbox 2682 3681 2886 3754; x_wconf 90' lang='lat' dir='ltr'><strong>firm0,</strong></span> 
     </span>
     <span class='ocr_line' id='line_1_33' title="bbox 563 3781 2893 3866; baseline -0 -19"><span class='ocrx_word' id='word_1_370' title='bbox 563 3807 697 3850; x_wconf 91' lang='lat' dir='ltr'><strong>non</strong></span> <span class='ocrx_word' id='word_1_371' title='bbox 726 3783 1053 3865; x_wconf 85' lang='lat' dir='ltr'><strong>continget</strong></span> <span class='ocrx_word' id='word_1_372' title='bbox 1081 3781 1335 3848; x_wconf 84' lang='lat' dir='ltr'><strong>miseria</strong></span> <span class='ocrx_word' id='word_1_373' title='bbox 1363 3781 1611 3844; x_wconf 89' lang='lat' dir='ltr'><strong>insulae</strong></span> <span class='ocrx_word' id='word_1_374' title='bbox 1641 3782 2039 3866; x_wconf 83' lang='lat' dir='ltr'><strong>Britanniae)</strong></span> <span class='ocrx_word' id='word_1_375' title='bbox 2072 3786 2256 3847; x_wconf 89' lang='lat' dir='ltr'><strong>Mab.·</strong></span> <span class='ocrx_word' id='word_1_376' title='bbox 2290 3790 2351 3859; x_wconf 89' lang='lat'><strong>3,</strong></span> <span class='ocrx_word' id='word_1_377' title='bbox 2391 3789 2536 3845; x_wconf 89' lang='lat'><strong>302.</strong></span> <span class='ocrx_word' id='word_1_378' title='bbox 2603 3784 2710 3846; x_wconf 88' lang='lat' dir='ltr'><strong>Fit</strong></span> <span class='ocrx_word' id='word_1_379' title='bbox 2737 3784 2893 3846; x_wconf 89' lang='lat' dir='ltr'><strong>haec</strong></span> 
     </span>
     <span class='ocr_line' id='line_1_34' title="bbox 563 3886 2892 3973; baseline -0 -22"><span class='ocrx_word' id='word_1_380' title='bbox 563 3889 884 3951; x_wconf 89' lang='lat' dir='ltr'><strong>interdum</strong></span> <span class='ocrx_word' id='word_1_381' title='bbox 915 3887 1106 3950; x_wconf 88' lang='lat' dir='ltr'><strong>etiam</strong></span> <span class='ocrx_word' id='word_1_382' title='bbox 1136 3886 1615 3950; x_wconf 87' lang='lat' dir='ltr'><strong>conditionalis:</strong></span> <span class='ocrx_word' id='word_1_383' title='bbox 1671 3887 1723 3950; x_wconf 81' lang='lat' dir='ltr'><strong>ti</strong></span> <span class='ocrx_word' id='word_1_384' title='bbox 1755 3910 1794 3951; x_wconf 82' lang='lat' dir='ltr'><strong>a</strong></span> <span class='ocrx_word' id='word_1_385' title='bbox 1819 3887 1997 3971; x_wconf 58' lang='lat' dir='ltr'><strong>yegffy</strong></span> <span class='ocrx_word' id='word_1_386' title='bbox 2028 3890 2222 3950; x_wconf 79' lang='lat' dir='ltr'><strong>nawd</strong></span> <span class='ocrx_word' id='word_1_387' title='bbox 2248 3897 2349 3951; x_wconf 78' lang='lat' dir='ltr'><strong>tra</strong></span> <span class='ocrx_word' id='word_1_388' title='bbox 2377 3889 2542 3972; x_wconf 72' lang='lat' dir='ltr'><strong>aych</strong></span> <span class='ocrx_word' id='word_1_389' title='bbox 2568 3911 2657 3973; x_wconf 79' lang='lat' dir='ltr'><strong>yn</strong></span> <span class='ocrx_word' id='word_1_390' title='bbox 2689 3891 2892 3973; x_wconf 80' lang='lat' dir='ltr'><strong>dywe-</strong></span> 
     </span>
     <span class='ocr_line' id='line_1_35' title="bbox 564 3991 2297 4075; baseline -0.001 -18"><span class='ocrx_word' id='word_1_391' title='bbox 564 3995 680 4057; x_wconf 80' lang='lat' dir='ltr'><strong>dut</strong></span> <span class='ocrx_word' id='word_1_392' title='bbox 709 3996 810 4075; x_wconf 93' lang='lat' dir='ltr'><strong>(tu</strong></span> <span class='ocrx_word' id='word_1_393' title='bbox 842 3992 1099 4055; x_wconf 89' lang='lat' dir='ltr'><strong>habebis</strong></span> <span class='ocrx_word' id='word_1_394' title='bbox 1129 3992 1422 4075; x_wconf 86' lang='lat' dir='ltr'><strong>gratiam,</strong></span> <span class='ocrx_word' id='word_1_395' title='bbox 1460 3991 1515 4054; x_wconf 92' lang='lat' dir='ltr'><strong>si</strong></span> <span class='ocrx_word' id='word_1_396' title='bbox 1544 3992 1805 4074; x_wconf 86' lang='lat' dir='ltr'><strong>dixeris)</strong></span> <span class='ocrx_word' id='word_1_397' title='bbox 1839 3994 2015 4055; x_wconf 85' lang='lat' dir='ltr'><strong>Mab.</strong></span> <span class='ocrx_word' id='word_1_398' title='bbox 2059 4000 2114 4069; x_wconf 90' lang='lat'><strong>1,</strong></span> <span class='ocrx_word' id='word_1_399' title='bbox 2153 3998 2297 4055; x_wconf 88' lang='grc'><strong>271.</strong></span> 
     </span>
    </p>

    <p class='ocr_par' dir='ltr' id='par_1_7' title="bbox 562 4098 2898 4497">
     <span class='ocr_line' id='line_1_36' title="bbox 734 4098 2893 4181; baseline -0 -20"><span class='ocrx_word' id='word_1_400' title='bbox 734 4099 921 4161; x_wconf 88' lang='lat' dir='ltr'><strong>CYN</strong></span> <span class='ocrx_word' id='word_1_401' title='bbox 954 4101 1127 4178; x_wconf 87' lang='lat' dir='ltr'><strong>(ante</strong></span> <span class='ocrx_word' id='word_1_402' title='bbox 1158 4101 1326 4181; x_wconf 91' lang='lat' dir='ltr'><strong>quod</strong></span> <span class='ocrx_word' id='word_1_403' title='bbox 1341 4123 1360 4174; x_wconf 93' lang='lat'>3</span> <span class='ocrx_word' id='word_1_404' title='bbox 1395 4098 1440 4159; x_wconf 92' lang='lat' dir='ltr'><strong>i.</strong></span> <span class='ocrx_word' id='word_1_405' title='bbox 1471 4120 1527 4159; x_wconf 91' lang='lat' dir='ltr'><strong>e.</strong></span> <span class='ocrx_word' id='word_1_406' title='bbox 1564 4101 1971 4180; x_wconf 86' lang='lat' dir='ltr'><strong>antequam):</strong></span> <span class='ocrx_word' id='word_1_407' title='bbox 2009 4098 2444 4181; x_wconf 75' lang='lat' dir='ltr'><strong>achyndristet</strong></span> <span class='ocrx_word' id='word_1_408' title='bbox 2472 4100 2591 4160; x_wconf 85' lang='lat' dir='ltr'><strong>oed</strong></span> <span class='ocrx_word' id='word_1_409' title='bbox 2615 4098 2731 4179; x_wconf 81' lang='lat' dir='ltr'><strong>bop</strong></span> <span class='ocrx_word' id='word_1_410' title='bbox 2764 4099 2893 4181; x_wconf 79' lang='lat' dir='ltr'><strong>dyn</strong></span> 
     </span>
     <span class='ocr_line' id='line_1_37' title="bbox 562 4202 2894 4289; baseline -0.001 -22"><span class='ocrx_word' id='word_1_411' title='bbox 562 4226 688 4289; x_wconf 81' lang='grc' dir='ltr'><strong>3]ηο</strong></span> <span class='ocrx_word' id='word_1_412' title='bbox 733 4204 940 4288; x_wconf 79' lang='lat' dir='ltr'><strong>achyn</strong></span> <span class='ocrx_word' id='word_1_413' title='bbox 984 4204 1083 4266; x_wconf 80' lang='lat' dir='ltr'><strong>bei</strong></span> <span class='ocrx_word' id='word_1_414' title='bbox 1121 4204 1325 4286; x_wconf 73' lang='lat' dir='ltr'><strong>aqheu</strong></span> <span class='ocrx_word' id='word_1_415' title='bbox 1368 4206 1527 4283; x_wconf 89' lang='lat' dir='ltr'><strong>(tam</strong></span> <span class='ocrx_word' id='word_1_416' title='bbox 1568 4203 1765 4265; x_wconf 90' lang='lat' dir='ltr'><strong>tristis</strong></span> <span class='ocrx_word' id='word_1_417' title='bbox 1810 4213 1944 4265; x_wconf 88' lang='lat' dir='ltr'><strong>erat</strong></span> <span class='ocrx_word' id='word_1_418' title='bbox 1985 4202 2191 4285; x_wconf 85' lang='lat' dir='ltr'><strong>quivis</strong></span> <span class='ocrx_word' id='word_1_419' title='bbox 2234 4203 2358 4279; x_wconf 92' lang='lat' dir='ltr'><strong>ibi,</strong></span> <span class='ocrx_word' id='word_1_420' title='bbox 2407 4203 2506 4265; x_wconf 91' lang='lat' dir='ltr'><strong>uti</strong></span> <span class='ocrx_word' id='word_1_421' title='bbox 2548 4212 2894 4285; x_wconf 87' lang='lat' dir='ltr'><strong>antequam</strong></span> 
     </span>
     <span class='ocr_line' id='line_1_38' title="bbox 565 4307 2897 4390; baseline -0.001 -19"><span class='ocrx_word' id='word_1_422' title='bbox 565 4319 730 4371; x_wconf 86' lang='lat' dir='ltr'><strong>esset</strong></span> <span class='ocrx_word' id='word_1_423' title='bbox 771 4329 961 4384; x_wconf 89' lang='lat' dir='ltr'><strong>mors,</strong></span> <span class='ocrx_word' id='word_1_424' title='bbox 997 4308 1042 4369; x_wconf 94' lang='lat' dir='ltr'><strong>i.</strong></span> <span class='ocrx_word' id='word_1_425' title='bbox 1079 4329 1134 4369; x_wconf 90' lang='lat' dir='ltr'><strong>e.</strong></span> <span class='ocrx_word' id='word_1_426' title='bbox 1182 4318 1258 4369; x_wconf 94' lang='lat' dir='ltr'><strong>ut</strong></span> <span class='ocrx_word' id='word_1_427' title='bbox 1297 4316 1445 4369; x_wconf 86' lang='lat' dir='ltr'><strong>ante</strong></span> <span class='ocrx_word' id='word_1_428' title='bbox 1488 4311 1784 4388; x_wconf 86' lang='lat' dir='ltr'><strong>mortem)</strong></span> <span class='ocrx_word' id='word_1_429' title='bbox 1817 4309 1993 4372; x_wconf 88' lang='lat' dir='ltr'><strong>Mab.</strong></span> <span class='ocrx_word' id='word_1_430' title='bbox 2038 4315 2093 4384; x_wconf 88' lang='lat'><strong>1,</strong></span> <span class='ocrx_word' id='word_1_431' title='bbox 2134 4315 2235 4370; x_wconf 89' lang='lat'><strong>33.</strong></span> <span class='ocrx_word' id='word_1_432' title='bbox 2301 4307 2567 4390; x_wconf 87' lang='lat' dir='ltr'><strong>Saepius</strong></span> <span class='ocrx_word' id='word_1_433' title='bbox 2607 4308 2897 4389; x_wconf 90' lang='lat' dir='ltr'><strong>sequitur</strong></span> 
     </span>
     <span class='ocr_line' id='line_1_39' title="bbox 563 4410 2898 4497; baseline 0 -24"><span class='ocrx_word' id='word_1_434' title='bbox 563 4412 953 4477; x_wconf 86' lang='lat' dir='ltr'><strong>infinitivus:</strong></span> <span class='ocrx_word' id='word_1_435' title='bbox 991 4411 1093 4474; x_wconf 79' lang='lat' dir='ltr'><strong>cin</strong></span> <span class='ocrx_word' id='word_1_436' title='bbox 1124 4410 1340 4474; x_wconf 74' lang='lat' dir='ltr'><strong>circha</strong></span> <span class='ocrx_word' id='word_1_437' title='bbox 1372 4412 1486 4495; x_wconf 82' lang='lat' dir='ltr'><strong>tas</strong></span> <span class='ocrx_word' id='word_1_438' title='bbox 1503 4415 1872 4497; x_wconf 86' lang='lat' dir='ltr'><strong>(antequam</strong></span> <span class='ocrx_word' id='word_1_439' title='bbox 1900 4413 2265 4497; x_wconf 88' lang='lat' dir='ltr'><strong>pervenitur</strong></span> <span class='ocrx_word' id='word_1_440' title='bbox 2294 4414 2374 4478; x_wconf 91' lang='lat' dir='ltr'><strong>ad</strong></span> <span class='ocrx_word' id='word_1_441' title='bbox 2398 4414 2504 4488; x_wconf 93' lang='lat' dir='ltr'><strong>T.,</strong></span> <span class='ocrx_word' id='word_1_442' title='bbox 2533 4412 2612 4474; x_wconf 89' lang='lat' dir='ltr'><strong>cf.</strong></span> <span class='ocrx_word' id='word_1_443' title='bbox 2642 4434 2710 4495; x_wconf 90' lang='lat' dir='ltr'><strong>p.</strong></span> <span class='ocrx_word' id='word_1_444' title='bbox 2744 4419 2898 4494; x_wconf 86' lang='lat'>660)</span> 
     </span>
    </p>
   </div>
  </div>
 </body>
</html>
