3150 5242
1166 1477 1627 1580 LIBER
1695 1477 2293 1581 SEXTUS.

1604 1752 1864 1760 --—-——-

1117 1922 1273 2003 DE
1356 1882 2349 2008 coNSTRUcTIONE.

738 2171 1165 2234 Monumenta
1221 2171 1549 2235 literarum
1607 2175 1779 2256 apud
1837 2174 2141 2257 popuIOS,
2208 2172 2320 2256 qui
2377 2172 2466 2236 eis
2525 2175 2908 2253 utebantur,

566 2278 800 2361 scripta
840 2287 1014 2354 sunt,
1066 2300 1146 2341 ex
1188 2299 1312 2361 quo
1355 2288 1635 2355 exstant,
1685 2290 1798 2342 aut
1840 2280 1909 2342 in
1955 2280 2237 2343 oratione
2278 2266 2624 2355 communi,
2661 2281 2791 2358 vel,
2834 2293 2916 2345 ut

564 2384 811 2461 dicunt,
849 2384 1079 2461 soluta,
1116 2406 1302 2467 prosa
1343 2384 1649 2462 oratione,
1686 2397 1800 2448 aut
1844 2385 1912 2448 in
1951 2386 2204 2469 poetica
2226 2386 2326 2449 vel
2357 2385 2576 2468 ligata.
2643 2386 2915 2450 Inveni-

566 2502 670 2553 tur
720 2491 878 2581 baec
929 2490 1283 2554 differentia
1333 2491 1526 2554 etiam
1577 2491 1838 2555 celticae
1881 2492 2215 2568 orationiS,
2264 2514 2343 2555 ex
2384 2513 2509 2573 quo
2548 2491 2673 2554 viri
2711 2493 2915 2576 hujus

563 2582 823 2681 linguae
862 2596 1062 2661 literis
1104 2599 1406 2661 mandare
1450 2618 1566 2661 sua
1610 2608 1978 2682 coeperunt,
2012 2598 2261 2681 fuitque
2305 2597 2574 2661 vetustis
2607 2599 2916 2683 tempori-

562 2705 706 2781 buS,
736 2727 884 2770 cum
911 2704 1153 2787 priscae
1179 2705 1386 2788 gentis
1411 2705 1840 2769 adolescentes
1866 2704 2236 2788 disciplinae
2260 2704 2584 2768 Druidum
2608 2705 2911 2782 studiosi,

566 2822 724 2874 teste
754 2812 793 2873 J
799 2810 931 2873 ulio
962 2812 1252 2886 Caesare,
1288 2833 1599 2894 magnum
1627 2834 1968 2876 numerum
1999 2833 2300 2874 versuum
2330 2810 2720 2887 ediscebant,
2752 2834 2915 2894 quos

563 2916 763 2979 literis
808 2917 1109 2978 mandare
1159 2916 1253 2979 fas
1300 2938 1435 2980 esse
1477 2939 1610 2979 non
1655 2918 2128 2982 existimabant.
2206 2916 2557 2999 Utriusque
2603 2916 2914 2980 orationis

562 3021 912 3106 proprietas
958 3033 1023 3085 et
1054 3021 1277 3098 forma,
1315 3023 1703 3087 constructio
1735 3035 1867 3088 tam
1896 3045 2117 3107 prosae
2148 3023 2451 3086 orationis
2483 3044 2681 3105 quam
2710 3024 2914 3108 po‘eti-

563 3149 672 3190 cae
703 3129 875 3210 apud
906 3128 1158 3192 celticos
1190 3129 1481 3213 populos,
1510 3128 1706 3211 hujus
1735 3130 1883 3194 libri
1912 3132 2185 3194 duorum
2213 3129 2498 3213 capitum
2526 3141 2911 3213 argumenta

565 3243 740 3301 sunt,

1290 3725 1639 3815 CAPUT
1704 3744 2164 3816 PRIMUM.

1035 3947 1150 4018 De
1187 3948 1726 4021 constructione
1761 3971 2017 4042 prosae
2053 3946 2424 4020 orationis

728 4169 1141 4234 ‘Constructio
1172 4192 1393 4254 prosae
1423 4168 1726 4234 orationis
1758 4181 1855 4233 est
1884 4169 2211 4233 collocatio
2241 4185 2471 4233 vocum
2499 4170 2602 4233 vel
2626 4172 2905 4256 partium

564 4276 864 4341 orationis
909 4276 978 4338 in
1024 4276 1375 4339 sententias
1418 4276 1761 4360 simplices,
1798 4276 2083 4360 duplices
2125 4276 2226 4339 vel
2261 4276 2652 4360 multiplices
2683 4300 2902 4343 secun-

563 4385 718 4446 dum
748 4377 1031 4445 ‘solitum
1082 4381 1342 4465 linguae
1386 4405 1574 4446 usum
1618 4384 1856 4466 absque
1898 4382 2102 4446 modis
2143 4382 2444 4445 orationis
2485 4383 2750 4467 ligatae.
2826 4386 2904 4447 In

562 4488 680 4551 hac
709 4510 860 4572 prae
891 4487 1188 4552 omnibus
1220 4487 1362 4552 aliis
1392 4488 1762 4573 linguarum
1792 4489 2158 4554 celticarum
2181 4489 2532 4573 percipitur
2554 4492 2902 4576 proprietas
