3150 5242
594 326 718 385 692
1090 329 1210 386 lv.
1251 329 1308 384 3.
1374 342 1908 387 CONJUNCTIONES
1940 342 2415 388 Bm'rANNmAE.

594 506 658 558 et
702 491 988 576 quamvis
1034 501 1200 553 esset
1241 491 1450 553 valido
1493 494 1681 555 modo
1725 491 1920 568 istud,
1956 515 2088 555 non
2131 494 2397 576 longum
2437 493 2560 556 fuit
2588 496 2774 557 donec
2801 496 2931 557 de-

585 601 795 683 jectus
838 602 1007 679 sum)
1041 597 1217 657 Mab.
1261 603 1317 671 1,
1356 601 1416 657 9.
1458 598 1814 679 yorderclza
1847 598 1937 660 hi.
1974 598 2104 682 kyn
2134 598 2291 683 nyth
2322 622 2524 682 vynno
2556 604 2721 681 (ama
2747 622 2922 676 eam,

596 707 788 768 etiam
828 704 882 767 si
921 724 1054 764 non
1094 711 1155 763 te
1196 700 1494 782 voluerit)
1533 709 1590 778 1,
1631 708 1775 765 238.
1826 703 2014 787 achyt
2056 705 2337 787 dywettit
2364 713 2472 767 uot
2484 706 2808 786 porthawr
2834 727 2932 767 ar

597 812 693 894 lys
736 810 987 873 arthur.
1023 815 1139 891 nyt
1179 807 1296 869 oed
1332 828 1413 890 yr
1453 828 1533 869 vn
1564 809 1659 888 (et
1700 809 1986 889 quamvis
2029 809 2363 885 diceretur,
2402 832 2539 872 esse
2578 810 2930 892 portarium

595 917 674 978 ad
704 916 918 978 aulam
946 914 1055 989 Α.,
1092 935 1224 975 non
1254 923 1390 974 erat
1421 913 1709 994 omnino)
1748 921 1804 989 1,
1849 921 1905 975 1.
1956 914 2244 997 ameneyi
2267 938 2309 998 y
2339 935 2480 976 mae
2510 915 2677 977 idaw
2709 917 2802 978 bot
2825 938 2926 998 yn

596 1021 743 1083 well
780 1019 949 1081 idaw
1000 1020 1261 1080 treulaw
1308 1018 1531 1080 blodeu
1574 1041 1616 1101 y
1660 1017 1955 1082 t‘euenctit
1992 1042 2067 1080 ae
2103 1022 2359 1082 dewred
2380 1019 2717 1104 ynkynnal
2735 1022 2929 1103 yder-

595 1148 805 1210 uyneu
846 1124 1031 1186 chun.
1070 1145 1186 1185 noc
1226 1146 1313 1207 yn
1362 1123 1781 1185 twrnez'meint
1824 1124 2156 1208 dffwyth
2187 1125 2303 1207 kyt
2330 1124 2499 1207 caffo
2531 1126 2654 1188 οἷοί
2677 1127 2932 1209 yndunt

595 1234 1052 1309 (demonstrare
1107 1229 1198 1305 ei,
1247 1249 1383 1290 esse
1424 1228 1654 1290 melius
1698 1228 1758 1290 ei
1801 1229 2164 1312 impendere
2205 1229 2425 1291 florem
2455 1229 2806 1311 juventutis
2844 1242 2927 1292 et

593 1337 893 1398 virtutem
937 1355 1118 1396 suam
1162 1335 1243 1396 ad
1286 1334 1713 1396 defendendos
1749 1335 1910 1397 fines
1942 1356 2089 1397 suos
2121 1356 2314 1417 quam
2346 1335 2792 1397 torneamentis
2819 1335 2923 1397 in-

593 1440 903 1516 fecundis,
954 1438 1242 1521 quamvis
1287 1439 1599 1521 acciperet
1639 1439 1906 1522 gloriam
1948 1440 2017 1502 in
2062 1440 2180 1522 eis)
2211 1447 2275 1517 -2,
2315 1447 2419 1502 29.
2486 1440 2760 1523 Scriptio
2799 1440 2928 1503 ked

593 1547 662 1608 in
693 1548 850 1628 Leg.
877 1567 891 1606 ε
942 1545 1069 1606 laed
1099 1545 1292 1606 deker
1339 1553 1506 1628 treys
1552 1566 1749 1628 arney
1782 1545 2096 1627 (quamvis
2128 1546 2396 1609 infertur
2423 1547 2519 1609 vis
2553 1545 2663 1627 ei),
2703 1545 2825 1608 hed
2847 1566 2919 1607 as

587 1659 780 1733 qualo
811 1650 894 1733 es
911 1649 1226 1731 (quamvis
1257 1649 1323 1710 id
1352 1650 1705 1731 negaverit)
1744 1656 1802 1712 2.
1846 1659 1902 1712 1.
1941 1657 2017 1712 80
2039 1675 2057 1726 3
2096 1658 2158 1713 4.
2199 1659 2259 1712 9.

763 1757 929 1818 Cum
963 1754 1302 1836 negatione
1334 1754 1530 1838 kany,
1567 1754 1768 1838 keny:
1814 1755 2043 1838 athydi
2068 1757 2371 1839 amywely
2402 1756 2432 1817 i
2456 1756 2628 1841 kany
2658 1755 2921 1840 welwyfi

594 1860 754 1944 dydi
781 1862 873 1937 (et
914 1869 984 1920 tu
1025 1859 1266 1921 videbis
1310 1880 1434 1934 me,
1471 1860 1760 1941 quamvis
1805 1882 1921 1943 ego
1957 1882 2088 1922 non
2119 1862 2344 1924 videbo
2376 1865 2464 1942 te)
2500 1864 2912 1937 Mab.1,14.

592 1965 753 2048 keny
797 1962 1014 2025 delebo
1054 1962 1192 2046 kyd
1217 1972 1415 2046 uuyta
1445 1987 1521 2026 ac
1553 1965 1642 2046 ⁶}f·
1680 1965 1761 2047 ef
1778 1967 1957 2028 adele
1987 1967 2126 2050 kyd
2150 1975 2282 2030 evet
2310 1967 2629 2048 (quamvis
2658 1989 2793 2029 non
2821 1968 2917 2087 de·

590 2068 800 2131 buerit
830 2089 962 2129 una
991 2068 1172 2128 edere
1203 2089 1350 2129 cum
1381 2090 1475 2143 eo,
1512 2069 1700 2131 debet
1728 2092 1860 2131 una
1889 2071 2128 2152 bibere)
2162 2073 2517 2153 Leg.1.9.
2563 2077 2661 2133 18.

762 2172 1154 2235 Cornicae
1197 2172 1433 2234 formae
1479 2174 1587 2257 ky,
1625 2174 1753 2257 kyn
1798 2175 1868 2237 in
1915 2178 2130 2238 Passa
2177 2197 2339 2259 yans
2383 2198 2468 2238 an
2511 2175 2648 2238 ioul
2686 2175 2818 2258 kyn
2861 2197 2920 2237 se

594 2287 880 2362 temptyS.
917 2325 930 2339 .
966 2326 979 2339 .
1004 2298 1204 2360 yanso
1233 2277 1319 2360 ky
1333 2277 1449 2359 fes
1483 2279 1708 2362 tewlys‘
1732 2287 1789 2340 te
1818 2302 1860 2341 a
1882 2281 1958 2363 yl
1974 2281 2168 2342 sevell
2186 2289 2319 2343 orte
2344 2283 2409 2362 (a
2430 2280 2681 2342 diabolo
2706 2300 2921 2361 quam-

590 2384 686 2447 vis
732 2383 816 2445 sis
864 2393 1169 2458 tentatus,
1204 2404 1318 2464 per
1348 2404 1496 2444 eum
1529 2384 1817 2464 quamvis
1848 2385 2040 2446 fueris
2073 2385 2356 2460 invasuS‚
2394 2395 2465 2447 tu
2493 2386 2730 2467 poteris
2763 2396 2922 2449 stare

591 2499 812 2553 contra
856 2490 1030 2569 eum)
1065 2489 1244 2550 Pass.
1286 2493 1388 2563 22,
1431 2495 1486 2549 1.
1525 2496 1586 2550 4.
1635 2491 1826 2551 Jesus
1868 2512 1909 2551 a
1950 2513 2021 2552 ve
2063 2490 2506 2574 hombroukyS.
2550 2537 2564 2551 .
2607 2539 2621 2552 .
2659 2490 2790 2574 kyn
2824 2490 2921 2553 tho

590 2598 680 2659 du
718 2595 809 2676 (J.
846 2602 981 2657 erat
1023 2592 1288 2668 ductuS‚
1339 2593 1627 2675 quamvis
1668 2593 1794 2684 fuit
1833 2596 2016 2677 deus)
2057 2602 2197 2672 163,
2228 2604 2289 2658 4.
2340 2596 2469 2680 kyn
2510 2617 2637 2678 nay
2670 2594 2781 2678 off
2806 2596 2921 2658 den

590 2700 872 2784 skentyll
902 2747 916 2761 .
958 2747 972 2760 .
1011 2698 1309 2781 lavaraff
1336 2697 1476 2780 thy-s
1520 2699 1836 2780 (quamvis
1877 2722 2008 2762 non
2055 2723 2198 2763 sum
2241 2701 2339 2763 vir
2384 2701 2674 2783 sapiens,
2720 2701 2923 2762 dicam

593 2806 742 2880 tibi;
793 2804 1045 2886 legend.
1081 2823 1195 2885 pro
1244 2802 1379 2884 llyn
1410 2805 1664 2887 nayoft)
1701 2811 1759 2881 8,
1805 2814 1860 2867 1.
1911 2805 2040 2889 kyn
2053 2807 2307 2889 fallens
2339 2806 2406 2868 ol
2430 2827 2527 2868 me
2557 2827 2599 2867 a
2629 2814 2788 2868 wort
2813 2805 2922 2889 yth

589 2909 788 2972 servis
820 2906 1135 2990 (quamvis
1176 2927 1395 2969 omnes
1438 2910 1691 2985 cadant,
1727 2931 1844 2992 ego
1875 2913 2053 2974 stabo
2083 2911 2151 2973 in
2183 2911 2435 2974 servitio
2468 2923 2615 2985 tuo;
2651 2911 2776 2994 leg.
2812 2931 2921 2994 pro

593 3012 1024 3098 llynsylleas)
1058 3017 1162 3088 49,
1208 3020 1262 3074 1.

761 3116 1088 3181 Armorica
1116 3117 1407 3200 exempla
1436 3118 1691 3181 desunt.

759 3246 816 3285 e.
864 3223 1073 3298 CAN,
1113 3223 1309 3285 KAN
1341 3222 1578 3305 (quia):
1616 3247 1734 3287 can
1767 3226 1948 3289 buost
1971 3249 2058 3310 yn
2090 3248 2291 3289 ermes
2320 3249 2408 3311 yn
2432 3226 2638 3311 yyhyt
2665 3227 2920 3311 ahynny

592 3328 686 3391 mi
726 3328 961 3410 awnas
988 3349 1074 3389 na
1118 3326 1276 3410 bych
1306 3327 1455 3411 byth
1487 3329 1732 3392 bellach
1764 3331 1941 3413 (quia
1969 3331 2148 3394 fuisti
2175 3340 2534 3393 monstrum
2564 3332 2916 3414 hucusque,

591 3457 711 3517 ego
740 3433 968 3496 faciam
998 3454 1080 3493 ne
1111 3432 1196 3493 sis
1228 3432 1489 3495 omnino
1519 3434 1824 3518 amplius)
1858 3438 2033 3498 Mab.
2072 3444 2128 3511 1,
2162 3441 2306 3496 272.
2341 3435 2692 3519 ydiolehaf
2705 3459 2747 3520 y
2782 3438 2922 3499 duw

593 3539 803 3624 kastel
830 3558 1008 3622 ywas
1052 3537 1402 3621 kyndecket
1442 3559 1484 3599 a
1527 3538 1929 3623 ekyndewret
1970 3540 2128 3603 athi.
2166 3540 2294 3602 kan
2324 3561 2409 3623 ny
2442 3539 2688 3602 cheueis
2716 3564 2758 3626 y
2786 3562 2924 3624 ywr

593 3642 894 3728 mwyhaf
924 3665 965 3704 a
1003 3663 1230 3725 yarwn
1262 3641 1522 3723 (gratias
1566 3665 1752 3725 agam
1796 3646 1934 3720 deo,
1967 3638 2142 3727 'quod
2185 3643 2424 3726 accipio
2459 3644 2762 3726 juvenem
2795 3655 2922 3705 tam

591 3750 937 3811 formosum
965 3757 1030 3809 et
1059 3757 1391 3811 strenuum
1421 3757 1496 3810 ut
1518 3758 1612 3823 tu,
1643 3748 1794 3830 quia
1815 3771 1945 3811 non
1970 3747 2182 3831 accepi
2205 3747 2411 3810 virum
2436 3770 2625 3829 quem
2648 3749 2921 3810 maxime

590 3855 910 3935 amabam)
949 3862 1006 3929 1,
1046 3858 1191 3914 276.

766 3960 884 4021 Est
928 3969 992 4021 et
1035 3958 1238 4020 forma
1282 3968 1469 4021 aucta
1498 3959 1681 4022 CAN
1684 3958 1795 4023 YS
1828 3958 2095 4037 (additu,
2131 3969 2207 4021 ut
2248 3957 2521 4032 videtur,
2556 3959 2747 4020 verbo
2778 3960 2920 4020 sub·

595 4064 933 4146 stantivo):
984 4064 1189 4148 kanys
1228 4065 1422 4147 ywell
1454 4087 1554 4148 yw
1589 4062 1901 4146 yennytti.
1936 4064 2182 4147 meneyi
2219 4063 2476 4146 ohonafl
2499 4062 2627 4145 ytti
2653 4063 2738 4146 dy
2769 4063 2921 4147 afles

596 4170 745 4233 noth
779 4170 867 4232 les
897 4169 990 4232 mi
1016 4193 1091 4232 ae
1119 4171 1444 4253 manaqas
1460 4169 1539 4231 itt
1560 4168 1738 4250 (quia
1766 4168 1969 4250 magis
2001 4169 2207 4252 placet
2230 4167 2369 4243 tibi,
2398 4166 2741 4230 monstrari
2764 4189 2802 4228 a
2824 4188 2924 4228 me

597 4276 713 4339 tibi
743 4275 1217 4338 incommodum
1249 4284 1454 4348 tuum,
1486 4294 1677 4354 quam
1708 4274 2132 4349 commodum,
2163 4294 2279 4355 ego
2302 4271 2369 4334 id
2392 4272 2757 4334 monstrabo
2783 4271 2920 4352 tibi)

594 4383 772 4444 Mab.
814 4388 872 4457 1,
912 4386 971 4442 6.
1021 4381 1195 4442 drwc
1235 4399 1335 4462 yw
1356 4378 1466 4471 ,dy
1512 4399 1748 4461 anyan.
1785 4378 2066 4462 achanys
2110 4399 2188 4461 vy
2220 4378 2332 4440 lle-s
2364 4376 2392 4437 i
2414 4377 2693 4460 ydoedut
2723 4375 2776 4437 ti
2798 4398 2923 4459 yny
