3150 5242
638 321 763 384 938
1065 325 1186 389 VI.
1225 332 1284 389 2.
1349 347 1794 392 οοΝεΤΒυοΤιο
1825 347 2102 391 Pomch
2135 349 2526 394 mammea,

638 490 738 553 Ex
767 513 841 554 eo
885 514 1047 575 quae
1087 496 1337 577 profero
1378 498 1671 582 exempla
1711 499 1792 563 ad
1830 498 2392 579 demonstrandam
2421 509 2801 563 structuram
2826 520 2949 562 ver-

635 619 743 661 sus
774 599 1011 662 vetusti
1040 599 1351 664 hibernici
1379 602 1449 666 in
1479 602 1890 686 scriptionem
1917 603 2647 675 vetustiorem‚codicum
2676 615 2872 667 muto.

802 704 1193 769 Assonantia
1234 706 1522 784 initialis,
1557 708 1626 770 in
1670 711 1890 772 eodem
1931 731 2118 772 versu
2159 708 2585 792 contraposita
2618 711 2722 773 vel
2749 731 2952 773 conso-

635 806 823 884 ciata,
858 813 1281 876 communiter
1311 814 1607 889 occurrit,
1636 814 1959 878 interdum
1987 796 2099 899 pei·
2127 815 2287 877 duos
2318 836 2536 879 versus
2565 815 2775 899 pergit
2802 815 2953 899 ejus-

633 914 779 976 dem
812 936 1127 982 consonae
1157 918 1259 984 vel
1287 919 1535 983 duabus
1564 915 1860 983 consonis
1889 921 2234 996 alternam,
2269 920 2594 984 interdum
2623 921 2955 1004 negligitur

633 1018 894 1083 omnino
924 1021 993 1083 in
1023 1044 1156 1085 uno
1183 1043 1394 1085 νει-ευ..
1459 1024 1670 1106 Major
1699 1047 1851 1089 cura
1879 1036 1977 1090 est
2018 1025 2229 1089 finalis
2275 1027 2703 1092 assonantiae.
2767 1028 2857 1091 Ut
2894 1026 2954 1089 in

633 1123 773 1185 aliis
824 1125 1017 1189 etiam
1067 1127 1137 1188 in
1179 1127 1299 1190 hoc
1344 1129 1623 1192 carmine
1665 1132 1856 1214 plena
1900 1132 2112 1196 finalis
2156 1132 2600 1214 frequentioris
2647 1117 2801 1198 usus
2844 1143 2948 1196 est.

633 1229 1078 1314 Monosyllaba
1107 1234 1303 1297 rarior
1334 1245 1451 1312 est,
1486 1258 1543 1299 e.
1578 1258 1674 1319 gr.
1711 1238 1781 1301 in
1810 1237 2083 1301 disticho
2116 1245 2231 1300 27:

885 1377 1072 1434 Annis
1105 1379 1297 1436 tasach
1334 1379 1525 1436 dianes
1558 1374 1579 1461 ΙΙ
1614 1381 1774 1438 t‘ntan
1805 1376 2018 1460 ἀοΙόενί
2043 1382 2265 1446 comaz’n
2294 1384 2370 1439 do

886 1472 1091 1558 αεΙόενί
1116 1481 1432 1558 mosm’qfed
1446 1482 1683 1555 pa'traic
1714 1476 1735 1563 ΙΙ
1783 1477 1790 1562 Ι
1827 1482 2088 1540 briatkar
2120 1483 2330 1559 cassa&
2362 1483 2533 1540 nirbu
2559 1488 2666 1560 96.
2685 1482 2716 1516 *

625 1583 914 1658 “Quievit
945 1600 1183 1674 spiritus
1214 1600 1275 1656 in
1302 1607 1672 1675 perpetuum,
1711 1609 2024 1676 postquam
2054 1588 2291 1659 dederat
2320 1602 2740 1660 revelationem
2772 1602 2854 1673 ei;

630 1698 778 1755 dixit
801 1701 960 1773 quod
990 1708 1270 1759 venturus
1301 1707 1458 1759 esset
1487 1703 1793 1774 PatriciuS,
1827 1705 2072 1761 *verbum
2102 1704 2340 1778 spiritus
2371 1724 2490 1762 non
2513 1705 2640 1783 ‘fuit
2664 1691 2932 1761 falsum.”

801 1834 906 1896 Ita
960 1835 1154 1898 etiam
1205 1835 1477 1900 disticha
1523 1843 1627 1900 29.
1670 1844 1773 1901 31.
1829 1837 2158 1921 Bisyllaba
2211 1837 2396 1900 solita
2447 1850 2563 1901 est.
2639 1839 2958 1902 sufficient

627 1938 904 2021 exempli
934 1962 1124 2003 causa
1154 1941 1428 2004 disticha
1461 1949 1733 2005 15-18,
1787 1945 1868 2005 In
1892 1943 2120 2005 horum
2145 1942 2328 2006 tertio
2351 1945 2640 2006 notanda
2666 1956 2763 2007 est
2785 1944 2959 2007 etiam

630 2042 882 2106 interna
911 2047 1275 2108 assonantia
1306 2047 1375 2108 in
1405 2048 1664 2111 vocibus
1698 2050 1897 2124 lusca,
1937 2056 2170 2125 trason,
2208 2049 2594 2133 dosficiseed.

881 2189 978 2249 Hi
1003 2192 1132 2248 sldn
1170 2190 1180 2266 Ι
1221 2192 1405 2249 tuaith
1438 2190 1849 2254 bennabairche
1879 2186 1899 2273 ΙΙ
1933 2192 2230 2267 m'sqaibed
2264 2191 2274 2267 Ι
2315 2200 2433 2249 tart
2460 2213 2536 2248 na
2572 2194 2657 2251 lia

886 2286 895 2369 Ι
928 2292 1115 2348 oanad
1148 2291 1159 2367 Ι
1198 2298 1286 2349 ebt
1300 2294 1496 2367 psalm
1535 2293 1545 2369 Ι
1585 2294 1712 2351 cecla
1742 2294 1980 2351 naidclai
2011 2288 2030 2375 ΙΙ
2065 2295 2227 2369 doriq
2259 2280 2684 2370 anqelfoynia.

883 2392 1160 2468 Fdidfor
1197 2394 1207 2469 Ι
1249 2394 1353 2451 le'ic
1390 2393 1402 2470 Ι
1443 2395 1584 2453 luim
1615 2396 1805 2453 iarum
1837 2390 1857 2477 ΙΙ
1890 2417 2021 2453 ocus
2055 2397 2232 2452 cuilce
2247 2397 2439 2472 fliuch
2471 2396 2652 2454 imme

885 2492 954 2549 ba
992 2493 1003 2568 Ι
1042 2495 1212 2553 coz'rte
1242 2497 1570 2555 arz‘tlzadart
1599 2491 1620 2579 ΙΙ
1654 2499 1720 2554 ni
1750 2498 1855 2555 wic
1885 2492 2071 2577 alcorp
2103 2497 2346 2553 itimme.

882 2594 1181 2654 Pridehad
1205 2601 1415 2656 sosce'la
1446 2600 1696 2658 dochdch
1729 2593 1749 2682 ΙΙ
1784 2598 2018 2674 doym'tlz
2058 2598 2069 2669 Ι
2106 2599 2385 2675 mdrferta
2418 2592 2626 2678 illethu

886 2697 1034 2754 iccid
1069 2699 1079 2775 Ι
1121 2699 1286 2758 luscu
1319 2703 1375 2758 la
1408 2710 1604 2759 trusca
1637 2694 1657 2781 ΙΙ
1711 2696 1718 2781 Ι
1752 2701 1938 2757 mairb
1970 2700 2300 2776 dosfuisced
2326 2700 2397 2756 do
2432 2699 2632 2756 bethu.

886 2793 893 2877 Ι
928 2798 1164 2858 Pdtraic
1202 2802 1213 2878 Ι
1239 2802 1504 2875 pridclcis
1535 2803 1605 2859 do
1636 2803 1850 2859 scotuib
1885 2796 1906 2883 ΙΙ
1939 2802 2130 2859 roches
2161 2803 2404 2859 mo'rseth
2437 2803 2654 2858 z'llethu

885 2901 1051 2958 immi
1075 2904 1278 2960 cotisat
1305 2904 1376 2960 do
1416 2905 1427 2981 Ι
1467 2905 1635 2961 brath
1667 2898 1689 2985 ΙΙ
1723 2904 1922 2980 inccta-h
1953 2904 2181 2979 dossa-xc
2212 2904 2282 2961 do
2321 2903 2331 2980 Ι
2372 2903 2571 2962 bethu.
2593 2899 2659 2932 *³⁸*

625 3049 753 3057 ..a—w
762 3051 1058 3061 v----—-.-—.-—-

631 3153 752 3222 est),
782 3152 911 3205 item
940 3153 1255 3220 O'ConoriS‚
1283 3156 1352 3208 ab
1388 3154 1649 3210 Hibernis
1690 3154 1948 3208 tribuitur
1974 3155 2030 3208 S.
2058 3153 2279 3230 Patriqii
2321 3141 2594 3223 discipulo
2617 3156 2801 3220 FiecO.
2849 3153 2948 3207 Nec

628 3243 756 3293 ante
783 3255 833 3290 a.
861 3242 962 3291 540
986 3257 1086 3293 nec
1123 3246 1248 3311 post
1281 3241 1555 3295 saeculum
1591 3245 1841 3293 octavum
1865 3239 2123 3312 scriptum
2148 3256 2265 3291 esse
2291 3244 2475 3290 censet
2498 3239 2612 3291 Leo
2637 3239 2694 3293 in
2715 3238 2941 3293 “Comm.

630 3321 697 3374 de
732 3323 965 3377 carmine
990 3332 1203 3386 vetusto
1230 3326 1508 3378 hibernico
1533 3325 1593 3378 in
1618 3324 1674 3377 S.
1703 3323 1925 3378 Patricii
1945 3320 2192 3375 laudem’'
2223 3322 2380 3375 Halis
2407 3321 2536 3375 Sax.
2571 3327 2723 3389 1845,
2751 3341 2805 3393 p.
2832 3327 2880 3374 4.
2903 3325 2946 3382 5)

628 3406 838 3462 ratione
862 3426 974 3462 non
998 3409 1360 3480 improbabili,
1383 3409 1529 3483 quod
1552 3408 1800 3466 Temoria
1824 3414 1987 3479 caput
2011 3407 2307 3462 Hiberniae
2331 3412 2508 3460 aetate
2535 3407 2594 3461 S.
2613 3408 2848 3470 Patricii,
2868 3404 2948 3458 sed

630 3490 818 3544 orbata
853 3510 1022 3563 regno
1059 3512 1109 3547 a.
1138 3498 1258 3559 540,
1278 3495 1394 3566 jam
1420 3493 1662 3556 desolata
1697 3493 1896 3548 dicitur
1932 3493 1990 3545 in
2015 3492 2271 3556 carmine,
2299 3498 2355 3544 et
2377 3492 2591 3546 saeculo
2618 3500 2806 3547 octavo
2827 3491 2946 3544 Nor·

629 3591 952 3632 marmorum
975 3578 1281 3638 invasiones
1305 3580 1460 3632 illum
1484 3579 1761 3634 literarum
1785 3577 1970 3630 florem
1995 3577 2334 3631 hibernicum
2358 3576 2537 3630 delere
2563 3583 2867 3649 coeperunt.

765 3662 792 3689 ¹*
826 3663 1110 3732 Leguntur
1145 3664 1205 3717 hi
1240 3681 1425 3720 versus
1467 3671 1595 3735 post
1628 3663 2076 3716 annuntationem
2113 3662 2303 3715 mortis
2331 3661 2387 3715 S.
2415 3661 2640 3716 Patricii
2674 3680 2702 3715 e
2725 3661 2856 3715 rubo
2878 3675 2946 3710 ar·

630 3747 792 3804 dente
827 3748 1024 3800 factam
1057 3749 1125 3801 ab
1164 3748 1376 3818 angelo,
1408 3758 1463 3803 et
1495 3756 1621 3802 ante
1654 3748 2018 3804 narrationem
2054 3748 2121 3800 de-
2158 3747 2276 3817 ipsa
2312 3747 2428 3818 ejus
2461 3756 2655 3802 morte.
2704 3748 2844 3800 Voce
2867 3743 2946 3795 ob-

629 3849 785 3885 scura
809 3838 864 3885 et
886 3832 1018 3885 alibi
1042 3850 1152 3886 non
1178 3832 1338 3886 obvia
1365 3836 1571 3887 tassach
1597 3834 1719 3887 ideo
1744 3833 1884 3886 nihil
1907 3833 2057 3888 aliud
2081 3832 2443 3903 significatum
2467 3849 2585 3884 esse
2609 3838 2786 3902 potest
2803 3843 2944 3899 quam

627 3917 867 3987 spiritus,
887 3917 1144 3987 angelus;
1174 3934 1307 3970 num
1327 3917 1399 3971 sit
1414 3919 1648 3974 affinitas
1673 3937 1796 3973 cum
1815 3919 1989 3973 subst.
2013 3919 2234 3970 dci-sucht
2255 3916 2504 3986 (insania,
2525 3934 2580 3986 p.
2601 3918 2740 3987 771),
2761 3911 2942 3967 nescio.

627 4002 823 4066 diaaes,
854 4002 912 4055 in
948 4019 1143 4056 aevum
1175 4019 1351 4067 suum,
1380 4010 1666 4075 perpetrm,
1690 4004 1911 4059 obvium
1946 4003 2114 4058 etiam
2145 4003 2205 4058 in
2229 4002 2356 4056 dist.
2385 4005 2437 4053 4.
2465 4000 2671 4052 comain
2694 4006 2824 4071 puto
2845 4010 2944 4048 esse

627 4087 870 4156 ejusdem
907 4086 1316 4157 significationis
1353 4103 1476 4140 cum
1509 4087 1607 4141 lat.
1637 4087 2070 4142 communicatio.
2099 4086 2280 4139 asbert
2312 4083 2622 4152 mosnicfed,
2649 4083 2785 4138 dixit
2815 4075 2942 4150 quod

626 4179 886 4226 venturus
920 4179 1063 4227 esset
1102 4172 1177 4244 (p.
1206 4173 1351 4242 419),
1380 4172 1420 4225 i.
1447 4189 1496 4226 e.
1536 4174 1684 4243 quod
1719 4173 2012 4228 moriturus
2049 4178 2191 4224 esset
2226 4171 2312 4233 P„
2343 4170 2446 4222 hoc
2485 4169 2632 4224 enim
2664 4166 2942 4221 continetur

543 4266 552 4275 '
628 4257 806 4311 verbis
841 4258 1023 4328 angeli
1057 4275 1086 4310 e
1120 4257 1258 4310 rubo
1295 4257 1759 4312 antecedentibus.
1789 4257 2032 4310 briathar
2069 4273 2168 4326 pro
2195 4254 2438 4307 briatln‘a
2461 4253 2621 4325 posui
2644 4252 2712 4305 ob
2735 4262 2937 4319 sequen·

625 4346 735 4392 tem
761 4342 903 4411 sing.
932 4342 1110 4395 m’rbu.

733 4426 786 4453 *⁴*
823 4426 964 4480 Sunt
1000 4428 1131 4480 haec
1169 4427 1451 4496 quaedam,
1489 4443 1627 4495 quae
1662 4430 1824 4495 po'eta
1858 4426 1924 4479 de
1961 4425 2119 4479 factis
2157 4423 2329 4478 saneti
2366 4423 2423 4476 in
2462 4421 2724 4478 Hibernia
2743 4422 2932 4473 marrat-
