3150 5242
324 372 406 433 V.
454 378 509 431 1.
576 390 937 435 nEva'rlo
970 390 1248 434 GALLICA
1278 391 1359 433 ΕΤ
1394 390 1765 434 manach
1794 389 2250 438 momontum.
2346 371 2468 431 729

156 538 297 621 dipl.
332 538 550 621 suppl.
576 561 640 621 p.
674 545 777 600 93.
813 539 966 602 villa
986 538 1264 615 Nivella,
1293 539 1461 602 Boll.
1490 540 1531 602 J
1534 540 1626 601 ul.
1659 545 1720 615 3,
1754 544 1855 600 61.
1890 539 2067 601 locus
2098 538 2210 621 qui
2238 538 2471 601 dicitur

156 643 445 705 Morsella
469 643 680 726 (Belg.
700 669 718 718 3
756 644 836 706 cf.
857 644 1164 707 Mursella
1185 654 1250 706 et
1273 645 1516 720 Mursa,
1536 646 1833 706 Pannon.
1850 643 1971 705 loc.
1990 643 2059 705 in
2074 643 2230 705 Itin.
2251 644 2467 726 Ant.),

155 748 389 809 Mabill.
428 769 593 810 saec.
632 754 692 810 3.
729 755 786 824 1,
821 756 920 810 17.
956 755 1056 810 18.
1090 749 1384 812 Vincella
1414 751 1632 832 (super
1660 749 1728 811 fl.
1757 750 2095 823 Icaunum,
2126 748 2275 811 hod.
2311 748 2472 811 Vin-

154 853 318 934 celle)
351 852 514 936 dipl.
568 876 626 915 a.
666 859 812 928 634,
865 853 1114 916 Mabill.
1163 854 1320 935 dipl.
1353 876 1421 936 p.
1460 859 1607 915 465.
1644 853 1802 916 silva
1844 853 2160 916 forestella
2200 856 2292 936 (p.
2333 856 2466 934 93).

154 958 352 1021 Plur.:
389 958 725 1021 Vercellae
748 956 921 1019 Plin.
956 965 1018 1033 3,
1052 965 1151 1021 17.
1188 958 1482 1040 Vipellis,
1511 958 1805 1022 Viscellis
1832 959 2467 1041 (Noric.,-Pannon.)

156 1064 295 1125 Tab.
342 1065 541 1126 Peut.
621 1064 853 1125 Porro:
905 1063 1387 1126 Uxellodunum
1432 1064 1617 1126 Caes.
1662 1064 1838 1126 locus
1880 1064 2172 1127 Oscellus
2217 1064 2314 1146 (in
2358 1065 2468 1127 Se-

159 1189 382 1250 quanae
405 1169 679 1251 insula),
710 1168 879 1231 Boll.
909 1169 1067 1232 Mai.
1102 1176 1161 1245 6,
1189 1175 1335 1231 803.
1365 1169 1668 1250 capellus,
1698 1169 1962 1251 capella,
1991 1170 2307 1252 capellum
2330 1168 2473 1250 (mi-

155 1295 253 1335 nor
272 1296 447 1357 capa,
488 1284 909 1356 tegmentum,
939 1275 1092 1357 gall.
1120 1274 1270 1336 hod.
1299 1274 1604 1355 chapeau,
1632 1272 1866 1355 pileus)
1890 1296 1993 1356 ap.
2024 1275 2254 1357 Cang.,
2284 1297 2322 1337 a
2345 1295 2472 1356 quo

157 1400 268 1441 non
304 1379 577 1442 dissidet
605 1379 1033 1462 Capellatium
1064 1379 1193 1460 (vel
1222 1379 1437 1454 Palas,
1471 1400 1706 1441 nomen
1740 1378 2037 1460 regioniS,
2072 1378 2116 1442 i.
2157 1401 2212 1441 e.
2248 1378 2471 1441 limitis

155 1483 379 1566 imperii
408 1485 666 1547 romani
697 1486 1018 1567 quondam
1049 1485 1522 1567 transrhenani)
1553 1486 1767 1547 Amm.
1811 1489 1911 1559 18,
1944 1488 2003 1544 2.
2063 1485 2213 1546 ILL
2247 1484 2470 1564 (demi-

153 1611 335 1652 nuens
380 1593 593 1654 subst.
629 1613 823 1653 masc.
862 1600 926 1653 et
954 1591 1170 1671 fem.):
1222 1589 1481 1672 regillus
1530 1589 1645 1671 (gl.
1681 1589 1967 1671 reg-ulus)
2002 1589 2091 1670 gl.
2129 1588 2315 1664 Isid.,
2351 1589 2471 1650 fre-

151 1680 555 1775 quentissima
596 1695 903 1758 derivatio
941 1694 1278 1757 nominum
1317 1692 1717 1777 propriorum
1745 1716 1939 1756 masc.
1977 1703 2040 1754 et
2069 1694 2255 1755 fem.:
2306 1694 2469 1755 Ros-

152 1800 346 1877 cilluS‚
397 1800 702 1865 Celtillus
745 1801 927 1862 Caes.
976 1799 1334 1877 Toutillus,
1387 1800 1768 1875 TroucilluS,
1822 1797 2113 1873 SorilluS,
2161 1797 2463 1875 BorilluS,

151 1905 438 1988 Capillus,
476 1905 777 1969 Pistillus
807 1905 877 1967 in
911 1904 1238 1986 Inscriptt.
1276 1927 1378 1987 ap.
1415 1906 1638 1980 Grut.,
1667 1905 1977 1966 Murator.
2014 1913 2079 1965 et
2107 1902 2304 1966 Orell.
2352 1905 2469 1966 Fe-

151 2011 403 2073 minina:
458 2011 740 2085 Fadilla,
788 2009 1066 2072 Procilla
1109 2009 1591 2090 (Nemausensis
1633 2006 1909 2090 generis)
1953 2007 2298 2090 Capitolin.
2333 2009 2468 2070 An-

151 2125 265 2176 ton.
299 2118 377 2178 P.
414 2138 472 2178 c.
518 2122 548 2176 1
569 2162 582 2176 .
620 2114 871 2191 Livilla,
908 2114 1195 2177 Drusilla
1231 2115 1494 2177 Sueton.
1531 2114 1735 2195 Calig.
1772 2121 1828 2173 7.
1861 2120 1963 2174 24.
2000 2113 2271 2189 Babilla,
2308 2112 2468 2176 Vin-

151 2220 302 2297 dilla,
338 2219 734 2302 Excingilla,
773 2220 1061 2282 Gabrilla
1090 2230 1210 2281 etc.
1246 2219 1315 2281 in
1346 2219 1679 2301 Inscriptt.
1735 2212 1888 2282 Non
1917 2218 2281 2301 infrequens
2312 2219 2469 2281 haec

150 2324 398 2388 formula
441 2325 647 2387 etiam
686 2324 755 2386 in
798 2325 1041 2406 duplici
1082 2324 1467 2387 derivatione
1512 2345 1660 2386 cum
1699 2323 1958 2405 liquidis
1988 2324 2090 2385 vel
2121 2323 2459 2386 tenuibus:

152 2431 511 2507 Cavarillus,
562 2430 944 2492 Abducillus
986 2431 1167 2517 Caes.
1225 2429 1559 2505 Otacillus,
1609 2428 1884 2491 Otacilla
1924 2428 2223 2510 Inscript.
2260 2429 2460 2491 Orell.

156 2540 281 2598 373.
338 2535 728 2619 Varicillus,
790 2535 831 2597 J
835 2534 1202 2610 ovinciUUS,
1253 2533 1642 2597 Carantillus
1700 2534 1902 2624 Inscr.
1954 2534 2146 2596 Grut.
2197 2543 2262 2595 et
2318 2534 2466 2595 Mu-

151 2652 253 2703 rat.
299 2642 716 2705 Cabillonum
763 2641 945 2703 Caes.
1012 2642 1190 2703 ULL
1232 2651 1306 2702 ut
1347 2641 1761 2723 praecedens:
1812 2639 2129 2701 Marullus
2160 2638 2460 2720 Inscript.

151 2745 326 2808 Orell.
365 2754 562 2808 4019.
620 2745 918 2808 Sabullus
962 2746 1154 2808 Grut.
1197 2752 1391 2820 1003,
1435 2753 1491 2806 1.
1552 2744 1833 2806 Titullus
1876 2745 2115 2805 Murat.
2157 2750 2360 2819 1501,
2403 2753 2460 2806 7.

150 2851 421 2915 Catullus
468 2850 926 2933 (Tricassinus,
964 2849 1383 2933 Vesontinus)
1418 2851 1659 2912 Murat.
1702 2855 1885 2925 1068,
1928 2857 1985 2910 7.
2033 2848 2231 2911 Orell.
2271 2854 2459 2911 2064.

149 2956 503 3019 Germullus
552 2956 746 3019 Grut.
788 2962 933 3031 955,
978 2960 1076 3015 12.
1128 2953 1477 3030 CintulluS,
1514 2954 1852 3017 Centullus
1892 2955 2132 3016 Murat.
2176 2960 2357 3030 1281,
2400 2962 2459 3019 6.

150 3041 501 3124 Feminina:
554 3060 836 3123 Marulla
867 3060 1064 3124 Orell.
1105 3066 1294 3121 5060.
1341 3060 1632 3142 Magulla
1662 3060 1853 3122 Grut.
1893 3063 2040 3134 912,
2084 3066 2183 3121 10.
2221 3060 2466 3123 Titulla

150 3164 372 3240 Murat.
416 3173 579 3227 1501
606 3214 627 3242 ,
679 3172 752 3240 63
814 3187 962 3227 cum
1012 3164 1137 3227 alia
1186 3163 1609 3226 derivatione:
1669 3163 2092 3239 Bellatullus,
2148 3165 2471 3229 Belatulla

148 3268 327 3332 Orell.
367 3277 518 3333 287.
560 3277 752 3333 4983.
816 3270 1180 3333 Caratullus
1211 3270 1402 3332 Grut.
1442 3274 1603 3343 862,
1644 3272 1703 3328 2.
1768 3269 1851 3329 In
1889 3268 2254 3333 nominibus
2299 3271 2465 3334 loco-

146 3394 303 3437 rum:
353 3376 631 3439 Cuculle
663 3378 884 3458 <prope
919 3376 960 3438 J
964 3397 1241 3437 uvavum
1254 3398 1273 3449 ;
1323 3373 1402 3435 cf.
1437 3372 1944 3446 bardocuculluS,
1982 3374 2254 3436 Trebell.
2291 3376 2457 3437 Poll.

147 3478 279 3542 Div.
314 3482 551 3545 Claud.
589 3502 644 3542 c.
691 3487 790 3556 17,
827 3481 1062 3543 cuculli
1105 3478 1404 3553 bardaici,
1441 3477 1789 3560 Capitolin.
1826 3476 2072 3539 Pertin.
2109 3500 2164 3539 c.
2199 3482 2264 3560 8)
2297 3480 2457 3542 Tab.

146 3583 315 3647 Peut.
363 3582 771 3649 Μέδουλλον
813 3585 1115 3666 (Raetiae
1167 3584 1429 3668 oppid.)
1472 3582 1642 3646 Ptol.
1701 3584 2219 3665 Praeponderant
2269 3594 2343 3646 ut
2393 3584 2463 3646 in

147 3687 405 3774 simplici
447 3691 648 3758 etiam
685 3690 754 3752 in
798 3690 1119 3773 geminata
1158 3688 1545 3752 derivatione
1586 3688 1832 3751 vocales
1874 3687 1903 3750 i
1937 3698 2002 3750 et
2039 3710 2083 3750 u
2112 3710 2259 3750 cum
2287 3688 2462 3771 prin-

144 3792 266 3876 cipe
314 3818 395 3870 a‚·
444 3819 480 3859 e
512 3806 578 3858 et
608 3818 664 3873 o,
702 3795 757 3858 si
801 3805 1163 3871 occurrunt,
1199 3796 1279 3857 ab
1307 3793 1436 3856 illis
1465 3792 1779 3875 prioribus
1813 3804 2234 3876 transgressae
2265 3793 2465 3857 videri

143 3909 452 3979 poterunt.

296 4213 369 4274 H
385 4212 409 4273 i
423 4214 468 4274 b
483 4234 520 4274 e
532 4236 563 4275 r
576 4236 621 4275 n
638 4212 662 4274 i
677 4234 709 4275 e
725 4236 761 4275 a
813 4223 1061 4275 vetusta
1112 4212 1403 4294 exempla
1455 4212 1903 4276 concordantia
1954 4233 2103 4274 cum
2153 4210 2461 4272 hactenus

140 4317 541 4379 enumeratis.
866 4373 883 4390 ,

297 4425 364 4502 a)
415 4422 704 4504 Simplex
746 4424 800 4484 L
841 4445 973 4485 non
1017 4422 1390 4485 intermedia
1430 4423 1631 4485 vocali
1676 4424 1755 4485 ad
1799 4420 2074 4483 radicem
2116 4420 2452 4481 accedens:
