3150 5242
595 364 758 428 1088
964 381 1334 426 APPENDIX.
1400 378 1682 425 GLOSSAE
1711 379 2092 423 cAMBchE
2123 378 2560 423 oxommffsns.

763 538 927 618 (41⁸)
967 531 1273 619 quoquidi
1304 531 1422 615 (gl.
1457 531 1699 595 victus:
1753 530 1968 594 Minos
2001 553 2039 593 a
2066 532 2227 593 bove
2256 529 2463 592 victus
2494 535 2682 610 erat).
2723 528 2942 611 padiu

593 642 708 725 (gl.
746 641 936 724 quid:
973 641 1128 722 quid
1159 639 1298 717 tibi,
1337 638 1680 722 Pasiphae,
1709 637 2017 720 pretiosas
2046 658 2298 700 sumere
2325 647 2530 700 vestes
2542 635 2620 718 ἲ).
2656 635 2792 718 pm'
2820 636 2937 720 (gl.

591 748 746 832 quid
763 797 783 824 ,
840 746 959 810 tibi
1002 768 1151 810 cum
1195 746 1453 829 speculo
1466 744 1543 826 3).
1616 765 1784 828 quas
1824 743 2169 807 marc-hauc
2211 742 2328 825 (gl.
2379 742 2665 805 adulter:
2714 742 2941 805 nullus

590 863 929 939 quaeratur
959 854 1257 935 adulter).
1308 850 1698 935 ironquedou
1730 851 1846 933 (31.
1876 860 2053 913 exta:
2093 849 2302 912 tenuit
2326 849 2494 912 laeta
2515 847 2768 932 pellicis
2794 860 2944 913 exta

590 963 842 1042 manu).
2394 966 2397 967 ’

767 1062 933 1150 (41⁵)
980 1062 1389 1148 malqueretic
1432 1063 1548 1146 (gl.
1598 1066 1953 1147 deceptus).
2002 1060 2528 1148 dzyuolouicketic
2569 1062 2689 1144 (gl.
2724 1063 2942 1145 prodi-

594 1185 733 1238 tus:
787 1173 953 1236 hanc
997 1184 1213 1235 tamen
1257 1169 1548 1253 implevit
1593 1191 1785 1234 vacca
1823 1172 2127 1253 deceptus
2171 1190 2399 1233 acerna
2443 1169 2578 1231 dux
2618 1168 2837 1252 gregis
2879 1181 2948 1232 et

594 1533 716 1586 dem
742 1531 967 1602 originis
991 1548 1150 1584 voces
1174 1535 1314 1594 alar,
1339 1531 1470 1583 hod.
1497 1530 1648 1595 adar,
1679 1530 1910 1594 collect„
1942 1528 2205 1594 volucreS,
2237 1545 2358 1581 cum
2384 1533 2513 1579 nota
2537 1526 2944 1596 singularitatis

594 1619 780 1684 eterin,
821 1619 953 1683 avis,
984 1617 1125 1671 infra
1161 1617 1262 1669 sub
1287 1616 1383 1680 IV,
1413 1623 1468 1669 et
1489 1615 1761 1669 recentius
1787 1615 1927 1667 adan
1957 1614 2007 1684 (e
2033 1623 2139 1667 vet.
2169 1614 2341 1684 aian),
2370 1614 2444 1684 pl.
2472 1613 2627 1682 odyn,
2659 1613 2913 1683 adenydd
2926 1634 2946 1664 .-

594 1704 801 1757 adaned
822 1702 1007 1773 pawin
1045 1702 1278 1773 (plumae
1321 1702 1565 1773 pavonis)
1597 1701 1748 1754 Mab.
1784 1705 1841 1765 l,
1872 1704 1921 1752 3.
1972 1700 2101 1770 Adj.
2142 1717 2317 1770 comp.
2361 1699 2733 1763 bronnhreith,
2773 1700 2947 1752 hodie

596 1787 929 1857 broufmitlz,
970 1806 999 1840 e
1035 1788 1193 1852 bron,
1231 1795 1448 1857 pectus,
1489 1793 1545 1840 et
1582 1785 1788 1852 braith,
1829 1787 2166 1856 variegatus,
2208 1791 2270 1837 ut
2306 1784 2444 1837 alia:
2483 1784 2721 1837 bronddu
2757 1784 2947 1855 (nigro

593 1874 852 1944 pectore),
898 1873 1182 1926 bronuchel
1204 1873 1335 1942 (alto
1375 1873 1634 1943 pectore),
1676 1872 1969 1925 bronhez’lin
1999 1872 2170 1942 (largo
2208 1877 2441 1941 pectore,
2481 1872 2803 1942 generosus)
2831 1879 2946 1924 etc.

593 1959 824 2013 Hibern.
853 1958 991 2028 gael.
1023 1958 1137 2021 bra,
1168 1975 1292 2027 gen.
1332 1957 1517 2023 bronn,
1561 1959 1768 2022 broinn,
1799 1965 2014 2021 venter,
2057 1964 2164 2011 vet.
2195 1955 2405 2009 hibern.
2435 1955 2519 2008 his
2558 1956 2811 2008 bronnait
2836 1957 2944 2027 (gl.

592 2045 733 2098 infra
767 2042 1145 2114 ventriculum)
1178 2043 1270 2113 Sg.
1301 2048 1407 2096 46⁸.
1460 2043 1716 2097 Notanda
1750 2042 2058 2096 terminatio
2092 2047 2169 2094 -et
2191 2042 2246 2095 in
2274 2042 2559 2111 adjectivo,
2589 2059 2689 2112 pro
2714 2043 2846 2107 -ἱοη,
2882 2050 2950 2096 ut

591 2130 648 2183 in
673 2129 857 2183 Mab.:
887 2129 1095 2181 datmed
1116 2128 1307 2197 hiryon
1331 2130 1615 2199 melynyon
1647 2128 1857 2199 (dentes
1880 2127 2032 2198 longi
2056 2127 2199 2197 flavi)
2236 2130 2280 2193 1,
2309 2128 2429 2180 283.

732 2232 863 2302 (41·)
901 2231 1178 2302 ριιοραίίή,
1206 2232 1282 2301 31.
1301 2231 1495 2296 victus,
1525 2232 1635 2302 adj.
1666 2230 2042 2300 compositum,
2071 2237 2135 2283 ut
2158 2230 2390 2294 videtur,
2407 2231 2714 2300 quo-quim.
2755 2231 2945 2290 Quae·

591 2319 752 2383 ritur,
776 2336 906 2371 num
939 2317 1098 2389 qum·
1132 2316 1204 2370 sit
1237 2317 1295 2369 in
1331 2316 1782 2386 significationem
1816 2315 2071 2385 adjectivi
2106 2333 2320 2369 versum
2345 2317 2518 2369 subst.
2543 2316 2746 2386 quec'th,
2777 2334 2941 2387 opus,

593 2404 687 2457 sed
723 2404 883 2456 etiam
926 2403 1236 2473 significans
1274 2403 1557 2474 proelium,
1587 2401 1841 2455 victoria:
1865 2400 2049 2469 queith
2074 2401 2247 2452 uadon
2275 2400 2561 2471 (proelium
2586 2402 2943 2473 Badonense)

594 2490 745 2543 Mab.
776 2492 825 2553 2,
857 2494 975 2542 379.
1022 2487 1239 2548 “Quam
1278 2489 1575 2552 victoriam,
1615 2486 1780 2540 Alani
1813 2486 1871 2539 in
1907 2485 2042 2539 silva
2070 2503 2212 2555 ,quae
2251 2493 2473 2540 vocatur
2507 2487 2719 2550 Nemet,
2762 2506 2946 2557 usque

592 2577 755 2631 hodie
782 2575 1178 2630 Cornubienses
1210 2577 1352 2628 θηρὶ
1373 2575 1571 2628 Bonan
1605 2568 1850 2626 vocant.'’
1898 2571 2096 2626 Charta
2119 2589 2169 2624 a.
2204 2574 2324 2624 1031
2359 2589 2446 2642 ap.
2481 2572 2561 2625 D.
2589 2574 2734 2626 Mor.
2756 2591 2810 2644 p.
2834 2578 2940 2628 367

596 2662 688 2732 (cf.
717 2681 770 2733 p.
805 2660 943 2731 172).
983 2660 1134 2714 Inter
1158 2660 1340 2714 literas
1364 2660 1638 2731 alphabeti
1664 2657 1916 2712 Nemnivi
1945 2656 2091 2727 (mox
2117 2657 2217 2710 sub
2241 2657 2350 2728 111)
2383 2658 2603 2712 obvium
2628 2667 2709 2712 est
2735 2678 2946 2714 nomen

591 2747 761 2817 quitla,
792 2747 848 2799 in
884 2746 1072 2799 lexicis
1106 2745 1400 2799 hodiernae
1425 2745 1645 2814 linguae
1663 2744 1868 2814 ,qm-yth,
1898 2743 1994 2807 ira,
2025 2743 2348 2812 indignatio.
2377 2744 2566 2812 padiu,
2584 2744 2703 2813 pai,
2736 2762 2944 2815 prono-

592 2833 739 2886 mina
765 2833 952 2885 interr.
986 2831 1060 2902 (p.
1089 2831 1233 2900 402).
1266 2849 1404 2900 quas
1428 2830 1730 2893 marc-hauc,
1759 2829 1835 2899 gl.
1863 2828 2092 2893 adulter,
2123 2828 2160 2880 i.
2189 2845 2237 2880 e.
2267 2846 2418 2898 puer,
2448 2846 2632 2883 servus
2658 2831 2942 2899 equarius.

594 2918 812 2988 Cogitat
850 2917 1119 2987 glossator
1154 2915 1220 2968 de
1245 2933 1400 2969 servo
1416 2914 1656 2986 juniore,
1686 2932 1845 2984 quem
1872 2921 2094 2984 quaerat
2118 2914 2336 2967 domina
2359 2913 2575 2980 lasciva,
2603 2915 2661 2967 in
2686 2917 2945 2971 versibus

594 3002 779 3056 Ovidii
813 3001 1042 3054 dicentis
1078 3001 1145 3053 dc
1170 3000 1434 3070 Pasiphae
1468 3001 1716 3071 perjurat
1757 3000 1802 3053 si
1825 2999 2004 3069 placet
2027 2999 2228 3065 Minos,
2258 3000 2441 3053 nullus
2467 3009 2758 3071 quaeratur
2780 3002 2944 3056 adul-

593 3096 693 3152 ter,
722 3087 835 3140 sive
864 3086 1039 3141 virum
1064 3085 1234 3139 mavis
1258 3086 1460 3151 fallere,
1491 3085 1617 3140 falle
1643 3085 1777 3138 viro,
1817 3085 1868 3136 ir
1893 3086 2179 3155 onquedou,
2207 3094 2349 3151 exta,
2380 3086 2542 3156 plur.,
2571 3086 2940 3156 compositum

591 3173 981 3244 proculdubio
1006 3172 1225 3242 mequod,
1256 3179 1317 3224 ut
1340 3189 1502 3242 supra
1526 3171 1686 3224 obvia
1708 3172 1968 3241 clutqued,
1998 3171 2237 3239 rinqued,
2269 3171 2422 3241 cujus
2446 3190 2568 3242 pars
2592 3173 2834 3226 anterior
2861 3175 2941 3227 vi-

519 3334 524 3338 ,
591 3260 752 3312 detur
775 3268 893 3312 orta
917 3277 946 3312 e
969 3275 1154 3328 praep.
1182 3277 1231 3322 0,
1260 3275 1346 3311 ex.

735 3359 869 3432 (41¹²)
910 3360 1268 3430 malqueretic,
1289 3360 1365 3430 gl.
1396 3360 1679 3430 deceptus;
1704 3359 1742 3413 i.
1764 3377 1813 3413 e.
1843 3367 2050 3430 captus,
2074 3359 2286 3425 ardens,
2306 3377 2505 3425 amore,
2527 3361 2775 3415 libidine.
2815 3363 2939 3416 Ho-

591 3444 763 3498 diem.
809 3446 942 3497 nzall
974 3446 1032 3498 in
1069 3445 1316 3516 pluribus
1353 3446 1527 3498 subst.
1556 3444 1869 3515 compositis
1906 3446 1990 3499 vel
2026 3445 2280 3499 derivatis
2317 3446 2619 3511 mollitiem,
2649 3446 2937 3502 libidinem

591 3530 892 3599 significat:
919 3531 1221 3596 malldawd,
1245 3531 1485 3595 munder,
1507 3530 1756 3595 malldra,
1780 3532 2112 3601 mallrwydd,
2135 3532 2391 3590 malledd5
2420 3532 2567 3585 verb.
2587 3549 2767 3603 comp.
2782 3535 2937 3586 mall-

584 3633 726 3685 qaru
755 3615 921 3685 (caru,
951 3615 1149 3685 amare)
1176 3614 1465 3668 libidinose
1501 3624 1698 3669 amare:
1753 3617 1887 3670 Cum
1922 3624 2075 3687 parte
2110 3617 2405 3687 posteriore
2441 3617 2730 3687 compositi
2756 3619 2935 3673 confe-

585 3700 815 3754 rendum
855 3699 1071 3753 videtur
1105 3700 1491 3770 hodiern..adj.
1514 3700 1708 3771 qwair,
1748 3702 1958 3768 ardens,
1987 3702 2294 3756 vehemens.
2332 3703 2787 3773 diquohuz’chetic,
2816 3723 2933 3775 par-

592 3786 684 3839 tic.
726 3791 898 3856 praet.
937 3802 1099 3855 pass„
1131 3785 1490 3855 compositum
1529 3793 1593 3839 ut
1627 3803 1790 3856 supra
1821 3794 2118 3840 memorata
2156 3787 2603 3859 doquomt'suram,
2647 3790 2933 3860 ‹1091th-

591 3871 765 3929 tiliam·
796 3878 858 3924 ut
893 3870 1038 3924 enim
1073 3870 1273 3941 ubique
1301 3869 1358 3924 in
1382 3870 1467 3924 his
1491 3870 1689 3936 glossis
1714 3889 1896 3943 praep.
1925 3873 1990 3924 do
2014 3872 2325 3943 significans
2351 3875 2594 3928 dativum
2611 3876 2730 3945 jam
2755 3883 2839 3929 est
2859 3875 2927 3939 di,

588 3957 752 4010 etiam
777 3956 866 4009 hic
891 3965 974 4009 est
996 3956 1218 4025 cii-qm,
1238 3974 1306 4009 ex
1330 3975 1438 4027 quo
1463 3957 1667 4026 prodiit
1691 3957 1747 4009 in
1771 3957 2070 4010 recentiore
2097 3958 2286 4029 lingua
2310 3961 2474 4030 dy-o-‚
2495 3978 2597 4030 pro
2622 3962 2839 4031 clo-quo-
2857 3962 2927 4031 (p.

591 4043 735 4113 879).
788 4043 949 4096 Verb.
989 4042 1118 4096 hod.
1160 4043 1440 4113 llywychu,
1483 4044 1755 4112 llewychm
1796 4042 1993 4107 lucere,
2031 4044 2178 4097 unde
2212 4046 2570 4116 llywychedic,
2613 4064 2871 4116 pervasus
2899 4063 2930 4098 a

589 4128 742 4182 luce:
773 4146 926 4181 mam
953 4128 1292 4198 llywychedic
1320 4129 1476 4199 (lapis
1502 4129 1822 4199 pellucidu8‚
1853 4129 2161 4201 splendens)
2190 4131 2340 4184 Mab.
2392 4133 2537 4185 Voce
2563 4150 2695 4203 ergo
2722 4141 2927 4186 vetusta

588 4213 1039 4284 diquolouichetic,
1071 4214 1146 4285 gl.
1174 4214 1439 4286 proditus,
1469 4213 1713 4283 prolatus
1751 4213 1808 4267 in
1849 4215 2042 4279 lucem,
2075 4217 2325 4285 cognitus
2354 4224 2560 4283 auctor,
2593 4219 2925 4289 signicfiatur

588 4299 687 4353 bos
725 4299 938 4353 adulter
963 4300 1254 4371 Pasiphaes
1291 4306 1451 4369 partu
1488 4299 1808 4364 Minotauri,
1837 4299 1936 4354 filii
1961 4301 2251 4372 Pasiphaes
2272 4321 2317 4356 ·e
2353 4303 2510 4357 bove.
2562 4305 2749 4357 Radix
2788 4303 2923 4357 vocis

589 4385 677 4439 lou
705 4387 793 4457 (=-
818 4386 927 4457 lau)
960 4386 1018 4439 in
1043 4387 1215 4439 subst.
1244 4386 1424 4439 Iouber
1449 4385 1609 4439 obvio
1634 4386 1777 4439 inter
1799 4387 2019 4440 nomina
2036 4387 2312 4442 literarum
2326 4389 2603 4455 Nemnivi,
2621 4390 2788 4443 hodie
2808 4391 2922 4443 ucu-

570 4472 689 4535 fer,
720 4471 834 4535 lux,
862 4472 1132 4542 splendor,
1171 4478 1242 4536 et,
1274 4478 1336 4526 ut
1371 4472 1603 4536 videtur,
1630 4471 1687 4525 in
1720 4472 1879 4540 qolou
1907 4472 1995 4542 (=
2014 4475 2229 4547 quolou)
2256 4474 2318 4530 in
2340 4474 2568 4542 Vocab„
2596 4477 2730 4532 hod.
2754 4479 2915 4547 qoem,
