3150 5242
647 350 772 411 908
995 353 1118 415 VI.
1163 362 1218 416 1.
1277 373 1723 417 coNs'rchrlo
1753 373 2172 418 PRONOMINIS
2204 372 2613 418 BRITANNICI.

634 519 922 600 pluralis,
958 522 1261 604 leguntur
1288 523 1457 589 inter
1489 522 1799 607 adjectiva
1828 523 2152 586 cumulata
2180 534 2325 607 post
2355 523 2739 587 substantiva
2764 545 2932 606 supra

634 638 981 688 memorata
1010 630 1102 711 (p.
1143 633 1318 711 863).

807 733 871 794 d.
924 734 1494 798 Numeralium
1539 735 2030 799 constructionis
2062 747 2126 799 et
2155 758 2310 799 usus
2339 735 2590 819 propria
2619 757 2822 798 eorum
2842 757 2931 798 ex-

630 835 934 917 positioni
972 838 1094 921 ipsi
1130 839 1269 921 jam
1299 863 1492 923 supra
1521 843 1868 924 praemissa
1899 854 2052 906 sunt
2084 846 2175 927 (p.
2219 846 2390 924 321),
2425 842 2527 904 vel
2556 841 2624 904 in
2653 841 2842 925 capite
2867 842 2933 903 de

631 926 1106 1024 compositione,
1144 946 1327 1028 cujus
1359 947 1626 1010 sormam
1657 949 1921 1012 induere
1953 960 2193 1025 amant,
2232 948 2463 1011 tradita
2493 950 2583 1032 (p.
2623 953 2788 1031 864).

801 1071 853 1109 e.
908 1051 1491 1116 Pronominum
1535 1055 2026 1118 constructionis
2069 1055 2324 1139 propria
2363 1057 2672 1137 quaedam
2699 1053 2932 1117 cambri-

628 1173 738 1215 cae
781 1154 1041 1237 ling'uae
1083 1168 1146 1220 et
1187 1157 1515 1242 incognita
1559 1160 1700 1222 aliis
1744 1161 1898 1224 item
1919 1162 2058 1244 jam
2087 1161 2409 1246 proposita
2440 1171 2614 1238 sunt,
2650 1183 2703 1223 e.
2736 1183 2823 1243 gr.
2854 1182 2932 1222 re·

625 1258 779 1321 latio
815 1260 1173 1343 significata
1204 1267 1295 1347 (p.
1337 1269 1513 1347 397),
1548 1268 1976 1349 possessivum
2008 1268 2372 1331 absolutum
2403 1267 2820 1351 significatum
2846 1286 2933 1328 vo·

627 1363 805 1427 cibus
836 1365 945 1429 eid
970 1379 1033 1431 et
1063 1369 1164 1432 ein
1197 1378 1288 1454 (p.
1331 1378 1476 1433 392.
1519 1376 1694 1454 393).

798 1475 1203 1539 Pronominis
1246 1478 1728 1541 demonstrativi
1772 1479 2263 1561 distinguuntur
2307 1479 2519 1542 adhuc
2560 1479 2678 1542 tria
2704 1499 2928 1561 genera,

627 1600 821 1641 masc..
858 1579 1026 1658 kwn,
1064 1582 1311 1647 hwnnw
1356 1606 1505 1647 cum
1550 1584 1945 1662 masculinis,
1980 1586 2129 1647 sem.
2180 1585 2327 1662 hon,
2367 1586 2576 1648 bonno
2614 1607 2756 1648 cum
2782 1581 2934 1648 femi-

625 1684 797 1747 ninis
844 1688 1259 1752 substantivis
1291 1701 1753 1765 constructum,
1790 1690 1944 1774 hyn,
1982 1691 2200 1776 kynny
2232 1691 2368 1754 sine
2399 1690 2791 1754 substantivo
2817 1690 2935 1751 loco

623 1792 912 1854 neutrius
955 1795 1286 1857 abstracti:
1330 1796 1496 1878 ywir
1523 1820 1625 1881 yw
1657 1796 1872 1881 hynny
1906 1803 2153 1877 (verum
2185 1807 2280 1860 est
2310 1797 2457 1879 hoc)
2491 1799 2671 1861 Mab.
2712 1806 2763 1874 1,
2800 1803 2928 1857 260.

621 1896 842 1978 Hujus
886 1898 1024 1961 loco
1063 1899 1134 1960 in
1180 1900 1486 1963 hodierna
1529 1902 1754 1984 lingua
1795 1902 2066 1964 occurrit
2106 1903 2179 1965 ln·
2207 1904 2550 1986 (Spurrell.
2592 1925 2844 1986 gramm.
2873 1923 2928 1984 p.

624 2004 765 2082 62):
815 2025 857 2086 y
905 2025 1047 2067 mae
1086 2005 1161 2068 ln·
1198 2029 1286 2090 yn
1334 2007 1520 2069 bwrw
1547 2004 1777 2091 ywlaw
1810 2008 2037 2090 (pluit3
2074 2009 2156 2070 ad
2186 2010 2483 2072 verbum:
2538 2009 2727 2073 estid
2753 2009 2935 2071 ferens

618 2107 955 2191 pluviam),
992 2132 1132 2181 mae
1173 2111 1247 2174 ln·
1270 2135 1358 2196 yn
1401 2114 1645 2197 dywyll
1670 2117 1794 2195 (est
1825 2115 2215 2196 obscurum).
2282 2115 2567 2178 Nonnisi
2598 2125 2934 2198 corruptum

618 2213 871 2277 videtur
901 2216 1020 2279 hoc
1052 2240 1131 2279 ex
1161 2217 1313 2303 hyn.
1843 2233 1850 2240 ‘

789 2321 1146 2403 Separatim
1187 2322 1380 2407 positi
1423 2346 1461 2386 a
1505 2323 1906 2387 substantivo
1950 2347 2065 2387 suo
2110 2326 2599 2390 demonstrativi
2642 2338 2735 2389 est
2762 2325 2931 2393 etiam

615 2429 1034 2509 congruentia
1074 2429 1144 2490 in
1190 2450 1443 2510 genere,
1479 2439 1554 2491 ut
1597 2429 1667 2491 in
1705 2429 2031 2493 hibernica
2060 2431 2316 2512 lingua:
2352 2454 2451 2516 py
2477 2433 2930 2518 yynnwryfyw

614 2531 803 2595 hwnn
838 2533 976 2616 (qui
1021 2534 1335 2617 tumultus
1381 2544 1478 2597 est
1521 2534 1626 2596 hic
1640 2534 1693 2615 12)
1732 2541 1787 2609 1,
1829 2542 1976 2597 290.
2012 2557 2109 2620 py
2155 2558 2291 2623 ryw
2333 2559 2540 2601 armes
2584 2562 2683 2625 yw
2712 2539 2946 2601 hwnnw‘

615 2639 813 2721 (quod
856 2662 1060 2722 genus
1091 2640 1430 2704 infortunii
1456 2653 1557 2704 est
1588 2641 1746 2703 hoc?
1787 2665 1924 2726 ryw
1953 2664 2175 2718 masc„
2207 2664 2456 2726 yormes
2486 2645 2673 2727 fem.)
2710 2652 2763 2720 1,
2800 2648 2924 2704 293.

613 2743 800 2808 niuer
845 2746 1162 2830 kyhardet
1200 2770 1242 2809 a
1285 2747 1534 2810 hwnnw
1567 2747 1779 2831 (copia
1823 2770 2022 2829 aeque
2064 2748 2259 2811 comis
2302 2763 2495 2831 atque
2528 2751 2710 2833 haec)
2749 2756 2812 2826 1,
2841 2754 2925 2809 16.

623 2857 721 2913 17.
758 2852 923 2913 kerd
948 2853 1169 2937 kystal
1192 2875 1233 2914 α
1262 2853 1468 2916 bonno
1501 2855 1756 2933 (cantus
1788 2843 1987 2936 aeque
2018 2853 2224 2917 dulcis
2256 2866 2447 2938 atque
2477 2856 2613 2938 hic)
2652 2864 2706 2932 1,
2746 2862 2801 2916 9.
2831 2907 2834 2910 A

1236 3097 1294 3152 3.
1347 3091 1700 3155 Verbum
1744 3103 2330 3155 constructum.

783 3276 1192 3342 Constructio
1211 3254 1398 3340 -verbi
1428 3257 1867 3359 impersonalis
1899 3279 1999 3340 vel
2031 3277 2250 3340 ter-tiae
2271 3299 2590 3360 'personae
2612 3273 2925 3361 singularis

590 3457 593 3464 .
609 3384 838 3469 positio
870 3406 984 3468 pro
1016 3383 1157 3447 aliis
1187 3384 1257 3447 in
1289 3383 1494 3446 activo
1524 3386 1814 3447 nonduni
1845 3386 2145 3467 adoptata
2175 3394 2270 3446 est
2301 3406 2339 3446 a
2368 3383 2594 3467 lingua
2617 3382 2920 3448 cambrica.

610 3492 780 3553 Sunt
825 3501 1039 3553 tamen
1081 3491 1413 3571 quaedam,
1450 3488 1518 3551 in
1560 3490 1792 3572 quibus
1837 3490 2174 3576 peculiaris
2220 3490 2325 3554 hic
2356 3491 2532 3554 verbi
2564 3490 2768 3554 celtici
2795 3507 2925 3551 usus
2997 3512 3012 3528 ⁸

609 3596 804 3662 etiam
832 3597 902 3659 in
945 3595 1150 3659 activo
1190 3595 1502 3658 cambrico
1543 3596 1654 3659 vix
1699 3597 1986 3679 dignosci
2028 3608 2269 3680 potest:
2317 3620 2531 3682 youyn
2581 3598 2749 3660 idaw
2778 3618 2845 3658 ae
2869 3590 2935 3676 qs

602 3704 854 3787 yyntaf
864 3702 1047 3765 bioed
1061 3725 1103 3786 y
1131 3703 1253 3785 llys
1275 3702 1369 3785 yd
1389 3704 1508 3765 oed
1525 3703 1705 3786 yndi.
1728 3703 1822 3766 mi
1838 3704 2076 3787 ysywir
2099 3704 2213 3767 heb
2238 3704 2405 3787 qfae
2427 3703 2793 3767 hadeilawd
2803 3695 2928 3764 ami

610 3807 820 3871 bieiuu
851 3830 894 3892 y
924 3808 1112 3871 dinas
1142 3830 1221 3870 ar
1251 3808 1478 3870 castell
1502 3831 1542 3869 a
1567 3808 1806 3871 weleist
1828 3809 1880 3872 ti
1901 3812 2226 3892 (quaerere
2250 3810 2459 3894 coepit
2481 3832 2560 3872 ex
2585 3831 2683 3886 e0,
2712 3830 2791 3871 an
2810 3806 2924 3888 ipse

607 3914 887 3997 primum
910 3912 1258 3997 possederit
1281 3914 1491 3975 aulam
1517 3914 1588 3975 in
1605 3937 1731 3996 qua
1748 3927 1933 3978 esset.
1976 3917 2113 3998 Ego
2129 3939 2367 3993 revera,
2387 3916 2623 3999 inquit,
2649 3937 2782 3977 eam
2799 3932 2923 3974 con-

607 4020 813 4084 struxi
837 4031 900 4083 et
922 4042 1040 4103 ego
1063 4018 1315 4103 possedi
1337 4019 1646 4103 oppidum
1670 4031 1733 4083 et
1756 4022 2090 4084 castellum
2113 4024 2283 4105 quod
2307 4021 2550 4103 vidisti)
2580 4028 2640 4097 2,
2671 4027 2764 4081 1=4.
2813 4014 2922 4078 Hic

605 4128 701 4191 mi
720 4150 796 4191 ae
818 4126 1201 4202 kadeilawd,
1230 4125 1324 4188 mi
1346 4125 1554 4188 bieiuu
1577 4127 1679 4188 vel
1701 4126 1795 4189 mi
1813 4150 1853 4189 a
1878 4127 2091 4190 bieiuu
2115 4129 2335 4191 eodem
2357 4128 2544 4190 modo
2568 4137 2922 4190 construun-

604 4244 731 4309 tur,
761 4243 836 4295 ut
867 4243 963 4295 est
991 4230 1315 4294 hibernice
1345 4230 1415 4293 in
1447 4233 1557 4315 Sg.
1586 4256 1599 4295 z
1639 4232 1795 4295 isme'
1824 4234 2217 4298 aridroclzell
2242 4237 2388 4316 (ego
2418 4233 2485 4295 id
2514 4232 2751 4315 rapui).
2815 4224 2921 4289 His

536 4421 539 4424 ,
602 4338 1007 4403 adnumerari
1029 4349 1299 4422 possunt
1324 4360 1419 4414 ea,
1444 4338 1514 4400 in
1540 4338 1771 4420 quibus
1797 4342 2057 4402 verbum
2081 4340 2149 4402 in
2177 4338 2488 4422 singulari
2508 4358 2775 4400 numero
2797 4354 2921 4396 cou-

602 4456 918 4509 structum
959 4446 1286 4510 invenitur
1317 4467 1465 4508 cum
1496 4445 1893 4508 substantivo
1925 4446 2192 4528 plurali:
2221 4446 2545 4529 ‘yweisson
2578 4440 2845 4524 doetkaf
2863 4456 2921 4499 or
