3150 5242
558 395 680 456 648
1048 396 1161 457 IV.
1203 402 1262 456 2.
1326 415 1890 459 PRAEP0s1'r10NEs
1925 398 2399 460 nm'rANNJCAF..

562 565 802 648 aliquid
846 567 926 628 ad
971 566 1353 630 habitatores
1398 566 1700 649 regionis)
1742 574 1857 628 190
1877 616 1895 642 ,
1936 572 2038 629 25.
2103 567 2340 630 Addita
2383 589 2600 651 praep.
2648 567 2720 630 di
2759 588 2909 629 ver-

564 688 703 734 tens
749 672 1308 754 significationem:
1360 694 1501 736 maz
1546 672 1776 755 vizimp
1800 674 2012 758 franc
2055 674 2249 737 diane
2283 673 2469 736 dv'ouz
2487 696 2618 756 pep
2650 695 2908 756 anquen

564 776 789 859 (simus
820 778 1001 841 liberi
1032 779 1181 841 laeti
1212 790 1389 842 extra
1419 801 1671 842 omnem
1702 779 2224 861 sollicitudinem)
2260 785 2362 856 28,
2387 784 2489 841 21.
2527 779 2716 842 diouz
2741 778 2906 862 quin

563 905 703 945 maz
734 884 983 969 abstiny
1017 888 1080 964 (a
1113 885 1261 948 vino
1291 885 1637 967 abstineas)
1676 894 1776 960 70,
1824 894 1919 947 10.

734 991 902 1053 Cum
930 991 1412 1074 pronominibus
1443 990 1724 1053 suffixis:
1764 991 1909 1075 ozvf
1928 1001 2099 1055 truez
2130 993 2245 1055 leoz
2276 994 2463 1068 bezet,
2494 991 2666 1075 omfff'
2683 989 2906 1053 truhez

565 1097 679 1158 leoz
705 1097 892 1171 bezet,
915 1097 1103 1181 ouzff
1116 1097 1332 1161 truhez
1357 1096 1471 1159 koz
1498 1098 1668 1159 bezet
1682 1099 2008 1175 (adversus
2028 1121 2129 1160 me
2149 1098 2231 1161 sit
2248 1097 2676 1161 misericordia
2696 1093 2904 1174 vobis)

567 1204 739 1266 Buh.
782 1208 938 1280 120,
991 1210 1049 1265 2.
1096 1211 1248 1279 194,
1306 1210 1404 1264 19.
1448 1210 1605 1279 196,
1651 1210 1748 1265 19.
1808 1203 2024 1288 ouzzsff
2059 1205 2205 1268 boat
2256 1205 2514 1289 diqracc
2566 1203 2904 1267 discascun

566 1309 803 1393 soz'nyis
828 1311 1153 1390 (adversus
1185 1331 1286 1371 me
1311 1330 1445 1371 esse
1470 1308 1783 1371 immitem
1807 1310 2093 1392 quemvis
2117 1313 2330 1393 credo)
2358 1318 2419 1387 4,
2457 1319 2555 1373 17.
2592 1333 2712 1373 noz
2738 1309 2909 1371 bezet

568 1417 720 1479 douc
759 1418 845 1479 da
877 1437 1085 1497 comps
1117 1416 1341 1500 outaff
1356 1417 1464 1496 (ne
1496 1416 1580 1479 sit
1611 1416 1787 1479 vobis
1816 1416 2108 1492 dubium,
2144 1416 2445 1499 loquendi
2475 1439 2624 1479 cum
2653 1418 2759 1496 eo)
2795 1422 2898 1490 36,

572 1530 627 1583 7.
667 1544 764 1584 me
793 1544 978 1585 meum
1009 1521 1187 1605 anas
1205 1520 1500 1606 dioutaff
1516 1522 1747 1602 (habeo
1779 1523 2051 1584 dedecus
2083 1523 2161 1585 ab
2193 1544 2288 1599 eo,
2328 1522 2614 1606 homine)
2648 1529 2753 1599 58,
2798 1528 2899 1584 19.

564 1638 637 1714 yt
677 1630 761 1691 da
797 1628 1006 1712 φαίης]
1045 1628 1131 1689 da
1163 1649 1369 1709 comps
1401 1635 1547 1712 σαῖς]
1583 1636 1683 1713 try
1708 1650 1869 1713 quer
1901 1628 2016 1710 (ite
2047 1630 2127 1691 ad
2159 1636 2320 1705 eam,
2357 1629 2661 1712 puellam,
2698 1630 2780 1691 ad
2810 1627 2907 1690 di-

566 1735 766 1796 cenda
810 1733 869 1795 ei
899 1733 1019 1795 tria
1050 1735 1264 1814 verba)
1300 1740 1402 1809 34,
1444 1739 1544 1794 22.
1597 1756 1696 1795 me
1724 1757 1864 1796 men
1890 1743 2161 1817 ιᾳοιιεοῑιί
2189 1734 2405 1820 diouty
2437 1735 2622 1817 (scire
2650 1734 2794 1797 volo
2823 1735 2909 1796 ab

567 1862 661 1916 ea,
698 1839 940 1921 puella)
978 1846 1080 1914 34,
1122 1844 1223 1900 20.
1259 1861 1462 1920 perae
1503 1860 1762 1920 ouzomp
1802 1862 1962 1924 quer
2004 1864 2081 1903 ne
2112 1843 2352 1904 Zeuerez
2384 1844 2523 1922 (cur
2553 1840 2736 1904 nobis
2769 1861 2908 1902 ver-

564 1948 719 2009 bum
765 1968 896 2008 non
926 1945 1081 2008 dicis
1098 1946 1149 2026 3)
1186 1953 1288 2021 50,
1330 1953 1390 2008 9.
1441 1946 1627 2009 ozoek
1657 1967 1796 2028 spes
1828 1946 2249 2030 ezconfessff
2268 1946 2471 2021 (vobis
2502 1968 2677 2009 nunc
2707 1947 2908 2008 confi-

566 2054 768 2133 tebor)
809 2058 923 2112 140
946 2100 964 2127 ,
1009 2059 1106 2112 17.
1156 2052 1429 2114 ouzouclz
1471 2075 1547 2114 en
1593 2051 1709 2113 boz
1749 2053 1927 2114 drem
1968 2073 2226 2115 memem
2274 2054 2427 2115 clem
2474 2054 2582 2133 (ad
2627 2073 2770 2126 vOS,
2822 2053 2910 2113 ad

565 2168 845 2220 vestrum
875 2168 1304 2239 conspectum,
1341 2160 1696 2238 convertor)
1733 2164 1834 2233 38,
1880 2164 1977 2219 15.

737 2266 976 2328 CANT
1010 2264 1426 2346 (respondens
1452 2262 1700 2325 hibern.
1731 2285 1844 2326 con
1869 2286 2014 2326 cum
2039 2266 2199 2339 dat„
2229 2264 2341 2326 lat.
2373 2266 2565 2345 oum),
2597 2262 2911 2327 vetustior

567 2372 765 2434 forma
796 2368 1173 2445 britannica,
1204 2367 1386 2431 obvia
1418 2369 1629 2431 adhuc
1659 2369 1729 2431 in
1756 2369 2191 2433 notationibus
2215 2371 2293 2432 de
2315 2368 2631 2432 mensuris
2657 2366 2764 2441 (cf.
2794 2389 2909 2449 ap-

568 2476 949 2559 pendicem),
1001 2485 1065 2537 et
1112 2476 1180 2537 in
1226 2475 1465 2538 Vocab.
1503 2497 1655 2538 cans
1699 2478 1837 2558 (pro
1884 2484 2051 2551 cant,
2092 2487 2168 2539 ut
2208 2497 2370 2538 nans
2418 2474 2486 2536 in
2526 2475 2747 2537 eodem
2789 2496 2910 2556 pro

568 2591 746 2657 nant,
783 2581 1004 2658 vallis3
1056 2581 1135 2644 cf.
1172 2604 1237 2665 p.
1282 2585 1453 2664 177),
1491 2579 1559 2643 in
1600 2580 2052 2645 recentioribus
2097 2580 2273 2644 libris
2305 2579 2632 2644 cambricis
2663 2577 2911 2643 assimi·
2978 2582 2986 2587 ’

569 2691 702 2752 lata
745 2699 770 2753 t
808 2690 1080 2765 CANN,
1118 2690 1321 2753 CAN.
1387 2687 1643 2751 Vocalis
1688 2689 1763 2749 fit
1807 2711 1840 2749 e
1885 2699 2033 2751 ante
2077 2686 2453 2771 pronomina
2500 2687 2732 2750 suffixa
2762 2686 2912 2758 infi-

570 2795 803 2860 cientia
833 2795 901 2858 in
935 2794 1134 2858 tribus
1165 2794 1472 2857 dialectis.
2912 2864 2928 2874 ,
2955 2784 2960 2792 ’

743 2900 1054 2982 Exempla
1100 2922 1134 2961 e
1174 2899 1335 2963 libro
1367 2899 1801 2962 Laudavensi:
1852 2902 1934 2984 dy
1968 2922 2123 2982 aper
2137 2900 2295 2982 pull
2318 2922 2571 2984 neuynn
2600 2923 2642 2984 y
2668 2922 2799 2985 quy
2829 2921 2915 2961 ar

571 3008 687 3090 hyt
722 3028 852 3091 yuy
896 3028 937 3067 a
979 3005 1216 3089 hafren
1260 3028 1377 3068 ean
1420 3028 1462 3090 y
1494 3006 1787 3069 choretou
1815 3005 1932 3069 lzai
1961 3006 2271 3090 defseynua
2300 3029 2342 3090 y
2377 3006 2597 3089 loqqou
2628 3005 2727 3068 bet
2755 3026 2914 3086 aper
3006 3049 3019 3054 -

572 3112 778 3175 mario
802 3112 899 3191 (cf
941 3111 1010 3172 in
1040 3112 1259 3173 eodem
1295 3116 1450 3173 200:
1484 3133 1616 3196 ρας]
1647 3133 1726 3174 ar
1756 3112 1783 3174 i
1810 3112 1910 3176 hit
1936 3134 2074 3175 cum
2108 3110 2436 3187 eoretibus‘,
2471 3115 2627 3172 216:
2664 3110 2802 3173 uiso
2830 3132 2916 3173 ar

574 3219 602 3280 i
639 3218 736 3281 hit
765 3240 903 3280 cum
936 3217 1242 3281 coretibus
1273 3217 1429 3294 suis,
1470 3221 1626 3278 226:
1678 3217 1776 3279 bet
1810 3216 1971 3280 imor
2001 3219 2235 3303 hafren
2268 3238 2407 3280 cum
2439 3216 2746 3280 comtibus
2776 3216 2915 3279 suis

574 3332 635 3387 et
687 3323 1088 3406 anfi-actibus
1133 3322 1388 3387 navium
1436 3345 1575 3386 cum
1624 3322 2047 3405 applicatione
2091 3323 2291 3387 libera
2334 3321 2402 3387 in
2446 3322 2601 3386 ostio
2654 3322 2913 3405 Taroct')

581 3436 723 3491 135.
765 3429 897 3493 treci
922 3430 985 3492 ir
1016 3428 1140 3492 coit
1169 3428 1525 3512 dirquairet
1553 3428 1660 3492 dir
1691 3428 1886 3492 claud
1910 3451 1988 3492 ar
2019 3429 2048 3492 i
2074 3429 2173 3492 hit
2201 3430 2299 3492 bet
2327 3428 2355 3490 i
2374 3451 2506 3513 yuy
2532 3451 2696 3493 cama
2721 3428 2916 3492 icho-

574 3544 749 3598 retou
788 3534 1147 3618 dirquairet
1188 3534 1288 3597 bet
1316 3543 1488 3616 pant
1530 3535 1741 3598 aalma
1772 3537 1911 3617 (per
1955 3534 2180 3598 silvam
2217 3537 2511 3598 deorsum
2541 3537 2623 3598 ad
2652 3533 2909 3610 fossam,

576 3642 928 3704 secundum
970 3661 1111 3702 eam
1152 3661 1354 3722 usque
1400 3640 1468 3703 in
1500 3642 1585 3704 G.
1622 3640 1892 3703 fluvium
1934 3662 2082 3702 cum
2129 3640 2391 3724 piscinis
2438 3640 2570 3703 suis
2617 3642 2916 3703 deorsum

575 3769 777 3830 usque
807 3748 886 3810 ad
919 3745 1145 3809 vallem
1177 3746 1291 3827 A.)
1324 3753 1465 3808 157.
1518 3748 1573 3808 Ε
1608 3748 1801 3829 Leg.:
1852 3769 1938 3810 na
1961 3749 2306 3831 quenelynt
2334 3749 2482 3831 dym
2512 3766 2751 3830 namyn
2782 3746 2915 3809 kan

574 3876 615 3938 y
655 3853 900 3937 kaqkor
942 3853 1023 3937 ff
1041 3855 1149 3932 (ne
1195 3851 1430 3915 faciant
1474 3852 1715 3936 aliquid
1759 3851 1887 3915 nisi
1931 3875 2079 3916 cum
2109 3852 2373 3916 consilio
2403 3851 2568 3935 ejus)
2607 3859 2665 3913 1.
2708 3860 2766 3915 7.
2809 3859 2910 3914 17.

577 3981 682 4022 am
736 3982 777 4043 y
839 3958 1059 4043 cafael
1108 3980 1227 4021 can
1264 3980 1390 4041 yur
1434 3981 1474 4021 a
1520 3962 1649 4022 dan
1694 3960 1853 4023 tuell
1893 3960 2118 4042 (circa,
2165 3970 2423 4042 propter
2466 3957 2914 4040 deprehensio-

577 4088 725 4128 nem
757 4064 893 4148 ejus
925 4087 1072 4127 cum
1104 4065 1236 4127 viro
1267 4067 1386 4129 sub
1419 4064 1749 4147 tegmine),
1781 4088 1814 4126 o
1845 4065 1997 4149 kezf
2012 4066 2096 4152 hy
2125 4090 2167 4151 y
2193 4087 2320 4150 qur
2344 4087 2477 4149 qam
2500 4064 2723 4148 ,φηγοῖο
2745 4065 2924 4127 arall

579 4172 660 4252 (si
707 4171 1113 4256 prehenderit
1158 4171 1364 4234 virum
1406 4193 1553 4233 cum
1601 4171 1723 4233 alia
1764 4170 2057 4252 muliere)
2092 4178 2152 4234 2.
2196 4178 2252 4233 1.
2292 4177 2395 4233 39.
2461 4170 2517 4232 Ε
2564 4170 2783 4232 Mab.:
2838 4190 2918 4231 ar

575 4278 884 4363 ymdidan
929 4300 969 4339 a
1006 4299 1275 4363 vynnwn
1307 4299 1438 4360 ‚qan
1470 4298 1607 4362 wyr
1637 4276 1843 4340 achan
1873 4279 2134 4362 wraqed
2159 4276 2488 4360 aqaffwnn
2521 4278 2612 4357 (et
2641 4275 2915 4358 colloqui

577 4387 746 4468 quod
797 4383 971 4447 volui
1024 4406 1170 4447 cum
1224 4382 1373 4445 viris
1427 4393 1491 4445 et
1543 4405 1690 4445 cum
1741 4384 2115 4450 mulieribus
2163 4381 2369 4464 coepi)
2408 4389 2464 4457 1,
2511 4389 2607 4443 10.
2668 4403 2788 4444 can
2831 4381 2916 4465 dy

564 4491 858 4577 yanhyat
904 4493 1080 4571 (cum
1124 4488 1538 4574 permissione
1587 4493 1724 4572 tua)
1767 4497 1819 4565 l,
1860 4496 2004 4552 275.
2070 4493 2268 4554 Versa
2313 4488 2636 4550 interdum
2677 4486 2916 4569 aliquid
