3150 5242
585 396 699 458 VI.
742 403 799 459 1.
864 415 1039 458 onno
1068 415 1628 459 consrnucrmms
1667 416 2138 459 BRITANNICAE.
2407 396 2533 459 899

228 564 387 627 calon
416 566 544 646 (cor
571 586 783 629 meum
812 566 1078 648 plenum
1107 576 1206 629 est
1230 566 1496 649 gaudio)
1533 574 1637 642 76,
1673 573 1773 629 19.
1839 566 2054 630 Etiam
2084 566 2273 628 hodie
2304 566 2530 629 solitus

226 680 309 731 est
331 669 490 732 idem
521 672 700 734 ordo:
746 670 1026 735 iaouank
1055 694 1123 733 eo
1152 694 1232 734 ar
1258 694 1489 735 vacuez
1519 696 1590 734 ze
1622 673 1878 753 (mulier
1908 673 2064 735 haec
2085 672 2343 761 juvenis
2375 676 2544 754 est)‚=

221 795 282 836 re
304 774 499 839 uc’hel
521 799 589 840 eo
621 800 746 842 ann
777 780 914 848 dud,
937 801 1009 840 ze
1037 777 1307 841 evidotm
1329 778 1548 860 (nimis
1580 779 1696 842 alti
1724 779 1794 840 hi
1817 778 2106 841 homines
2132 789 2286 841 sunt
2308 779 2521 860 mihi).

368 884 480 946 Est
519 886 737 947 eadem
776 885 1008 967 positio
1050 884 1420 968 praedicati,
1458 884 1513 946 si
1556 885 1695 947 loco
1738 884 1909 947 verbi
1953 885 2338 947 substantivi
2373 897 2527 947 sunt

216 990 380 1052 verba
416 990 753 1067 nominari,
791 989 947 1073 eliqz‘
984 1001 1133 1066 etc„
1179 1011 1342 1072 quae
1370 990 1792 1071 praemittunt
1821 990 2198 1073 particulam
2228 1015 2304 1076 y:
2339 1013 2527 1072 pere-

215 1096 322 1158 dur
355 1096 475 1158 aab
518 1096 762 1179 efrawc
802 1118 910 1181 ym
946 1095 1173 1179 qelwae'r
1214 1096 1242 1158 i
1270 1099 1484 1176 (vocor
1515 1098 1593 1158 P.-
1628 1096 1800 1158 filius
1834 1098 1968 1178 Ε.),
2001 1095 2384 1181 qwalchmei
2419 1119 2525 1181 ym

207 1201 407 1285 qelwir
435 1202 463 1263 i
489 1202 604 1283 (G.
637 1207 852 1285 vocor)
891 1210 946 1278 1,
979 1207 1127 1263 261.
1165 1201 1386 1264 iarlles
1414 1224 1456 1285 y
1471 1201 1823 1284 ffynnawn
1851 1225 1893 1286 y
1918 1203 2146 1286 yelwir
2177 1203 2528 1284 (comitissa

208 1307 479 1371 fontanae
523 1311 814 1389 vocatur)
858 1315 913 1384 1,
957 1315 1056 1371 17.
1123 1310 1281 1370 Post
1322 1308 1669 1390 particulas
1713 1309 2042 1391 negativas
2086 1306 2346 1372 tantum'
2358 1358 2376 1385 ,
2428 1309 2526 1372 in-

208 1414 594 1497 terrogativas
637 1412 953 1496 aliasque,
1005 1424 1270 1496 excepta
1310 1413 1694 1496 copulativa,
1741 1415 2006 1476 verbum
2050 1415 2527 1477 substantivum

205 1521 497 1601 praecedit
532 1530 687 1582 ante
716 1519 1152 1602 praedicatum
1185 1522 1288 1599 (ut
1316 1520 1392 1581 fit
1421 1519 1491 1580 in
1521 1519 1819 1582 omnibus
1851 1520 2188 1582 sententiis
2218 1521 2288 1582 in
2318 1521 2525 1584 hiber-

202 1624 327 1688 nica
345 1626 595 1709 lingua)
618 1648 632 1687 :
662 1647 748 1709 ny
773 1626 855 1687 bu
876 1625 985 1687 hir
1004 1647 1086 1709 yr
1104 1646 1358 1709 ymwan
1382 1624 1490 1686 kei
1509 1627 1670 1707 (non
1694 1626 1807 1688 diu
1828 1627 2161 1708 pugnabat
2173 1628 2296 1709 .C·)
2328 1634 2383 1702 1,
2418 1632 2521 1688 23.

202 1740 371 1795 traua
397 1755 531 1817 vyw
561 1731 643 1795 ki
664 1729 1000 1814 (quamdiu
1030 1730 1170 1812 ipsa
1197 1729 1321 1793 fuit
1350 1730 1521 1812 viva)
1554 1738 1611 1807 1,
1645 1738 1747 1793 36.
1783 1754 1913 1815 yny
1944 1733 2065 1794 oed
2081 1732 2364 1816 qyfiawn
2388 1733 2527 1812 (do-

200 1860 300 1900 nec
321 1850 448 1902 erat
469 1837 809 1920 impletus)
841 1843 898 1912 1,
928 1842 1026 1897 17.
1075 1836 1242 1898 Item
1265 1847 1411 1919 post
1434 1837 1730 1899 adverbia
1751 1836 2101 1920 praemissa
2125 1838 2233 1920 (cf.
2253 1861 2318 1921 p.
2341 1845 2421 1901 90
2432 1842 2519 1920 3).

349 1969 400 2007 c.
453 1944 747 2007 Multum
790 1953 1006 2003 tamen
1048 1942 1265 2004 abesse
1310 1941 1582 2017 videtur,
1618 1953 1693 2005 ut
1721 1943 2000 2026 primum
2029 1943 2244 2006 locum
2271 1955 2525 2007 senten-

202 2050 329 2126 tiae,
362 2062 435 2113 ut
484 2051 804 2112 hactenus
848 2048 1356 2109 demonstratum
1385 2058 1503 2123 est,
1539 2050 1729 2111 verbo
1758 2049 1859 2110 vel
1889 2049 2249 2131 praedicato
2279 2071 2527 2133 semper

198 2159 528 2220 concedant
569 2153 970 2217 narrationes
1015 2152 1248 2215 codicis
1291 2154 1489 2216 rubri.
1536 2155 1639 2224 ‚In
1684 2154 1783 2216 his
1815 2155 1988 2217 enim
2018 2154 2386 2237 saepissime
2416 2157 2525 2218 ob-

196 2262 354 2324 vium
382 2273 477 2326 est
506 2262 576 2324 in
618 2260 823 2343 primo
853 2259 993 2320 loco
1023 2280 1155 2320 non
1187 2258 1395 2327 solum
1426 2259 1809 2341 subjectum,
1842 2261 1955 2322 sed
1984 2259 2177 2323 etiam
2207 2261 2526 2343 objectum

196 2368 553 2444 sententiae,
593 2376 741 2448 post
782 2364 952 2446 quod
995 2363 1284 2446 sequitur
1323 2365 1589 2426 verbum
1629 2365 1977 2447 praemissa
2018 2365 2333 2448 particula
2363 2389 2427 2442 a,
2464 2389 2521 2429 e.

193 2495 277 2554 gr.
297 2497 310 2535 :
332 2475 627 2556 peredur
653 2494 695 2534 a
719 2470 1209 2556 qychwynnwys
1237 2471 1518 2532 racdaw.
1541 2471 1828 2552 peredur
1858 2493 1897 2533 a
1923 2472 2216 2555 yyfodeS.
2239 2474 2529 2553 peredur

194 2602 228 2642 a
267 2580 554 2667 chymryt
601 2600 643 2662 y
684 2575 880 2640 varch
912 2578 1019 2658 (P.
1059 2575 1374 2660 perrexit,
1426 2577 1503 2639 P.
1542 2576 1837 2652 surrexit,
1891 2578 1967 2639 P.
2019 2576 2249 2639 sumsit
2289 2599 2526 2659 equum

193 2691 389 2768 suum)
427 2694 485 2762 1,
528 2691 680 2745 244.
721 2688 867 2745 245.
906 2688 1053 2744 246.
1100 2681 1426 2744 seithmeib
1468 2684 1631 2744 aoed
1667 2682 1836 2745 idaw
1868 2685 2141 2767 (septem
2183 2683 2303 2744 filii
2346 2694 2529 2745 erant

191 2790 265 2873 ei)
301 2800 364 2869 1,
403 2799 551 2855 235.
626 2791 708 2852 In
753 2788 875 2850 hoc
916 2787 1137 2850 ordine
1180 2786 1374 2849 etiam
1418 2809 1610 2871 supra
1651 2799 2001 2851 memorata
2043 2789 2333 2872 exempla
2377 2811 2525 2851 con·

190 2907 413 2961 structa
455 2919 601 2961 esse
641 2895 924 2979 possint:
976 2893 1206 2956 arthur
1235 2914 1276 2955 a
1309 2894 1581 2977 dywawt
1611 2892 1803 2974 (dixit
1832 2895 1973 2974 A.)‚
2010 2893 2104 2956 mi
2128 2916 2169 2956 a
2201 2896 2416 2957 oedwn
2446 2917 2527 2957 vn

188 3005 317 3065 mab
348 3008 492 3087 (ego
540 3024 716 3065 eram
757 3000 987 3063 unicus
1026 2998 1251 3081 filius).
1333 2999 1433 3061 De
1473 2998 1596 3060 hac
1637 3009 1853 3061 autem
1897 3000 2370 3062 constructione
2418 3000 2528 3062 vix

189 3108 349 3171 aliud
376 3108 852 3192 perhibendum
882 3116 999 3180 est,
1036 3104 1165 3166 nisi
1194 3126 1332 3167 esse
1359 3103 1429 3165 in
1459 3125 1535 3165 ea
1563 3103 1952 3167 solutionem
1980 3105 2361 3180 sententiae,
2399 3127 2526 3187 qua

187 3235 298 3276 vox
325 3217 544 3299 aliqua
577 3235 726 3276 cum
758 3210 1047 3293 emphasi
1076 3209 1449 3293 proferenda
1478 3230 1513 3270 e
1543 3209 1869 3271 communi
1892 3209 2113 3272 ordine
2136 3231 2365 3271 vocum
2387 3210 2525 3292 jam

188 3317 248 3381 in
286 3331 538 3383 vetusta
573 3316 898 3380 hibernica
927 3317 1154 3399 lingua
1181 3316 1251 3377 in
1282 3314 1543 3376 initium
1573 3314 1951 3377 transfertur
1981 3337 2128 3376 cum
2158 3317 2349 3378 verbo
2379 3318 2527 3378 sub-

186 3426 448 3489 stantivo
478 3422 830 3511 praemisso
859 3421 962 3483 vel
992 3420 1186 3483 etiam
1216 3418 1353 3482 sine
1382 3441 1456 3481 eo
1487 3419 1555 3481 in
1586 3418 1902 3502 positione
1932 3420 2223 3484 absoluta
2247 3424 2275 3501 ζ
2271 3443 2339 3504 p.
2375 3428 2520 3484 885.

190 3533 352 3611 886).
405 3529 703 3594 Invaluit
732 3528 785 3589 is
818 3528 969 3589 ordo
1000 3525 1309 3589 cambrice
1337 3525 1451 3600 ita,
1481 3534 1558 3586 ut
1587 3524 1874 3587 obtineat
1903 3524 2116 3602 etiam,
2146 3549 2293 3589 cum
2316 3527 2527 3589 minor

186 3647 272 3698 est
298 3634 624 3721 emphasis
654 3633 756 3695 vel
786 3633 941 3695 adeo
971 3631 1173 3693 nulla.
1687 3691 1696 3698 ,

339 3745 400 3804 Α
433 3740 667 3825 regula
696 3737 1023 3801 communi
1052 3736 1555 3820 praemittendae
1587 3758 1629 3798 a
1662 3737 1732 3798 in
1761 3737 1882 3798 hac
1912 3738 2386 3800 constructione
2417 3760 2526 3800 ex-

185 3845 406 3928 cipitur
458 3847 729 3911 verbum
783 3842 1258 3907 substantivum
1309 3864 1458 3904 cum
1509 3841 1880 3925 compositis
1934 3842 2066 3905 suis
2088 3891 2106 3919 ,
2165 3853 2315 3905 ante
2357 3844 2528 3924 quod

184 3954 359 4016 modo
386 3956 574 4016 adest
597 3949 932 4035 particula,
961 3949 1148 4010 modo
1172 3949 1379 4010 deest:
1419 3946 1652 4010 arthur
1675 3948 1840 4009 aoed
1854 3948 2254 4030 yqlcaerllion
2281 3969 2529 4032 arwysc

192 4062 243 4131 1,
276 4063 421 4136 282,
459 4060 577 4122 sed
614 4064 669 4132 1,
705 4063 770 4118 1:
820 4077 901 4139 yr
945 4053 1391 4144 omberawdyr
1421 4053 1656 4115 arthur
1686 4054 1804 4114 oed
1828 4052 2225 4136 quaerllion
2255 4075 2523 4136 arwysc.

186 4161 376 4226 Item:
434 4166 610 4227 drws
654 4186 696 4247 y
722 4162 946 4244 pebyll
972 4161 1133 4221 aoed
1157 4181 1245 4243 yn
1277 4166 1515 4240 aqoret.
1552 4158 1862 4221 achadeir
1888 4158 2090 4220 eureit
2119 4160 2238 4222 oed
2259 4181 2347 4242 yn
2379 4181 2530 4242 ayo-5

181 4289 256 4350 yr
284 4271 453 4332 drws
483 4274 695 4352 (porta
727 4265 985 4330 tentorii
1009 4274 1143 4326 erat
1168 4274 1388 4345 aperta
1410 4275 1475 4326 et
1498 4264 1654 4325 sella
1679 4285 1870 4325 aurea
1891 4273 2028 4325 erat
2051 4263 2262 4325 vicina
2284 4268 2531 4345 portae)

193 4380 243 4447 1,
276 4379 421 4438 239.
462 4376 706 4459 efrawc
735 4372 896 4434 iarll
923 4369 1103 4432 bioed
1129 4369 1431 4432 iarllaeth
1461 4392 1503 4453 y
1529 4370 1764 4452 qoqled
1792 4370 1899 4449 (E.
1930 4390 2138 4430 comes
2168 4369 2534 4451 possidebat

186 4480 553 4542 comitatum
587 4476 1065 4561 septentrionis)
1105 4483 1160 4550 1,
1201 4480 1346 4536 235.
2013 4553 2016 4556 .

1974 4582 2047 4634 57
2071 4575 2100 4606 *
