3150 5242
413 328 783 374 APPENDIX.
844 330 1175 377 SPECIMEN
1206 331 1457 375 comcls
1492 329 1849 375 HIBERNICI
1883 327 2220 373 PRISCIANI
2254 327 2352 372 SG.
2457 308 2618 370 1019

277 492 343 544 et
391 491 654 563 quartae
698 479 1189 563 conjugationiS,
1224 481 1293 544 in
1340 481 1570 564 quibus
1616 481 1639 542 i
1675 491 1825 543 aute
1854 502 1900 541 u
1930 488 2385 545 consonantem
2414 477 2623 560 posita

275 586 677 670 producitur,
724 588 1068 669 eademque
1114 587 1438 650 subtracta
1481 586 1839 670 corripitur,
1897 596 1970 648 ut
2011 584 2226 668 cupivi
2266 584 2463 666 cupii,
2513 606 2622 647 cu-

193 702 196 711 '
274 692 565 775 piveram
599 690 944 774 cupieram,
981 693 1198 755 audivi
1228 693 1426 769 audii,
1462 693 1829 757 audiveram
1858 692 2204 755 audieram.
2270 689 2621 754 Inveniun-

278 809 387 861 tur
436 797 631 861 etiam
670 820 784 881 pro
828 799 1032 862 vocali
1074 810 1361 883 correpta
1404 799 1523 862 hoc
1570 799 1892 882 digamma
1920 798 2017 860 illi
2046 797 2171 873 usi,
2207 807 2282 860 ut
2312 797 2616 860 Alcman:

273 901 395 969 καὶ
442 905 644 985 χεῖμα
686 907 820 990 πῦρ
861 926 934 968 τε
964 900 1050 968 δά
1063 907 1122 968 F
1117 926 1238 968 ιον.
1300 906 1417 969 Est
1460 905 1633 968 enim
1663 905 2006 989 dimetrum
2035 904 2402 979 iambicum,
2439 912 2504 965 et
2534 901 2624 965 sic

272 1023 376 1075 est
423 1011 907 1095 proferendum,
965 1013 1014 1074 F
1056 1021 1130 1074 ut
1173 1011 1365 1074 faciat
1407 1013 1662 1075 brevem
1705 1012 2037 1095 syllabam.
2102 1010 2326 1074 Nostri
2371 1030 2624 1092 quoque

270 1118 399 1181 hoc
432 1118 648 1200 ipsum
676 1117 896 1182 fecisse
927 1117 1367 1194 inveniuntur,
1397 1128 1461 1181 et
1490 1138 1605 1201 pro
1636 1128 2027 1181 consonante
2057 1116 2145 1180 u⁷
2175 1115 2455 1179 vocalem
2484 1116 2624 1177 bre-

269 1247 424 1288 vem
470 1224 808 1307 accepisse,
844 1233 920 1286 ut
950 1223 1262 1286 Horatius
1307 1224 1508 1287 siluae
1557 1222 1959 1306 trisyllabum
2002 1224 2272 1308 protulit
2301 1223 2371 1285 in
2403 1223 2625 1306 Epodo
2687 1252 2697 1259 ·

270 1332 400 1395 hoc
434 1353 657 1394 versu:
694 1330 1023 1412 Nivesque
1046 1324 1415 1392 deducu11t⁸
1435 1330 1478 1391 J
1481 1350 1686 1406 ovem,
1710 1352 1885 1392 nunc
1909 1351 2081 1392 mare
2098 1326 2313 1392 9nunc
2336 1324 2626 1392 siluae.¹⁰

270 1439 398 1501 Est
440 1436 612 1499 enim
657 1436 1000 1499 dimetrum
1040 1435 1384 1498 iambicum
1426 1435 1846 1518 conjunctum
1886 1435 2375 1520 penthemimeri
2421 1432 2624 1498 heroi-

270 1567 413 1619 cae,
438 1541 485 1577 ¹¹
522 1544 694 1625 quod
723 1541 905 1605 aliter
936 1551 1102 1604 stare
1131 1562 1262 1603 non
1292 1551 1524 1624 potest,
1555 1542 1682 1605 nisi
1705 1542 1907 1606 siluae
1935 1542 2333 1625 trisyllabum
2358 1540 2625 1624 accipia-

273 1661 408 1714 tur.
477 1649 786 1712 Similiter
816 1647 1111 1712 Catullus
1145 1648 1563 1711 Veronensis:
1620 1650 1811 1716 Quod
1846 1670 2070 1712 zonam
2101 1647 2297 1711 soluit
2326 1647 2438 1709 diu
2468 1646 2625 1729 liga-

273 1770 436 1833 tam,
475 1755 645 1818 inter
689 1754 1250 1836 hendecasyllabos
1282 1754 1657 1818 Phalaecios
1676 1751 1728 1789 ¹²
1771 1755 2009 1838 posuit.
2076 1757 2253 1838 Ergo
2277 1753 2403 1817 nisi
2434 1736 2651 1816 soluit*

271 1863 688 1947 trisyllabum
718 1860 1015 1945 accipiaS,
1054 1881 1270 1922 versus
1302 1871 1469 1922 stare
1500 1882 1633 1923 non
1662 1873 1906 1944 potest;
1944 1863 2064 1926 hoc
2098 1874 2310 1925 tamen
2341 1862 2556 1944 ipsum
2575 1855 2627 1893 ¹³

268 1971 343 2033 in
377 1967 683 2033 derivatis
720 1968 823 2030 vel
854 1965 1218 2048 compositis
1250 1965 1614 2047 frequenter
1632 1968 1804 2031 solet
1836 1968 1996 2045 fieri,
2024 1980 2099 2033 ut
2130 1970 2311 2032 volvo
2343 1968 2624 2041 volutuS,

269 2077 456 2141 solvo
502 2075 749 2137 solutus
767 2121 786 2150 ,
822 2072 958 2134 avis
1002 2093 1232 2154 auceps
1252 2070 1271 2105 ¹
1321 2071 1678 2154 auspicium
1725 2075 2065 2157 augurium
2111 2085 2447 2158 augustu8‚
2485 2074 2628 2135 lavo

267 2183 522 2256 lautuS‚
542 2175 570 2214 ²
599 2179 780 2242 faveo
811 2179 1041 2241 fautor.
1063 2173 1089 2211 3
1141 2178 1483 2260 Digamma
1528 2180 1588 2241 F
1613 2181 1842 2243 Aeoles
1874 2191 1971 2244 est
2000 2183 2255 2264 quando
2283 2203 2399 2264 pro
2422 2180 2628 2243 nihilo

271 2289 345 2350 in
394 2272 617 2349 metris
664 2285 1081 2368 accipiebant,
1129 2298 1203 2347 ut
1240 2280 1485 2364 Ἄμμες
1524 2278 1583 2347 δ’
1626 2281 1941 2372 Ρειρήναν
1982 2283 2061 2350 τὸ
2109 2285 2184 2352 δέ
2226 2280 2282 2350 τ’
2331 2278 2413 2370 ὄῖρ
2458 2282 2626 2351 θέτο

274 2396 513 2458 Μῶσα
560 2385 809 2476 λιγαία.
871 2391 991 2453 Est
1032 2390 1203 2453 enim
1249 2390 1692 2465 hexametrum
1723 2392 2070 2456 heroicum.
2135 2394 2331 2477 Apud
2360 2393 2631 2456 Latinos

272 2521 558 2585 quoque,
580 2498 700 2570 hoc
736 2492 906 2561 idem
938 2496 1263 2560 invenitur
1291 2520 1405 2580 pro
1436 2496 1643 2559 nihilo
1673 2497 1743 2558 in
1772 2497 2015 2574 metriS‚
2052 2509 2117 2561 et
2147 2499 2423 2561 maxime
2454 2500 2629 2583 apud

273 2604 747 2672 vetustissimos
793 2603 1212 2681 comicorum,
1265 2614 1340 2667 ut
1376 2603 1715 2668 Terentius
1759 2603 1829 2667 in
1857 2604 2134 2668 Andria:
2187 2605 2342 2669 Sine
2386 2586 2629 2671 invidia

271 2714 539 2777 laudem
569 2711 858 2775 invenias
889 2720 953 2774 ct
982 2709 1216 2773 amicos
1246 2731 1450 2791 pares,
1511 2711 1630 2773 Est
1660 2711 1833 2774 enim
1862 2711 2210 2774 iambicum
2241 2712 2620 2788 trimetrum,

273 2821 452 2904 quod
505 2818 632 2880 nisi
684 2816 821 2880 sine
873 2816 1009 2879 invi
1060 2838 1174 2900 pro
1229 2816 1544 2879 tribracho
1597 2816 1976 2900 accipiatur,
2023 2828 2188 2881 stare
2234 2840 2452 2882 versus
2496 2841 2629 2882 non

272 2934 513 3010 potest.
581 2923 929 2987 Sciendum
970 2933 1206 2999 tamen,
1244 2924 1415 3006 quod
1449 2922 1568 2985 hoc
1601 2922 1816 3005 ipsum
1846 2925 2071 2989 Aeoles
2104 2924 2360 3008 quidem
2392 2924 2630 3007 ubique
2660 3001 2665 3006 Ἴ

274 3035 422 3097 loco
463 3028 868 3114 aspirationis
908 3030 1253 3113 ponebant,
1291 3029 1666 3112 effugientes
1713 3030 1975 3113 spiritus
2020 3030 2464 3114 asperitatem3
2509 3054 2627 3094 nos

277 3151 503 3205 autem
544 3137 614 3199 in
656 3134 878 3197 multis
923 3133 1205 3217 quidem,
1241 3141 1396 3197 non'
1424 3145 1639 3199 tamen
1670 3137 1738 3198 in
1770 3137 2066 3200 omnibus
2097 3137 2242 3200 illos
2274 3138 2623 3219 sequimur,

276 3257 357 3308 ut
402 3265 553 3307 cum
592 3241 864 3305 dic-imus
906 3262 1186 3323 vespera,
1224 3240 1341 3317 vis,
1379 3241 1594 3305 vestis.
1660 3242 1902 3306 Hiatus
1948 3265 2200 3326 quoque
2247 3265 2437 3306 causa
2467 3244 2625 3307 sole-

278 3354 443 3416 bant
481 3349 578 3412 illi
622 3350 1025 3430 interponere
1070 3345 1391 3429 digamma
1446 3349 1519 3424 F,
1566 3351 1738 3431 quod
1778 3350 2129 3413 ostendunt
2169 3347 2364 3411 etiam
2404 3354 2631 3432 poetae

279 3445 587 3520 Aeolidae
612 3453 734 3517 usi.
778 3454 1086 3516 Alcman:
1118 3448 1234 3514 καὶ
1255 3454 1455 3533 χεῖμα
1480 3457 1617 3538 πῦρ
1637 3477 1709 3517 τε
1727 3449 1812 3518 δά
1825 3457 1884 3518 F
1879 3476 2002 3533 ιον,
2022 3465 2086 3518 et
2102 3454 2582 3537 epigrammata,
2600 3454 2629 3488 ⁴

282 3584 449 3646 quae
489 3571 739 3643 egomet
780 3559 907 3642 legi
946 3559 1015 3621 in
1061 3556 1346 3642 tripode‘⁵
1390 3560 1822 3624 vetustissimo
1851 3560 2197 3644 Apollinis,
2236 3561 2346 3642 qui
2392 3572 2519 3625 stat
2560 3563 2629 3625 in

280 3662 697 3750 Xerolopho⁶
755 3664 1053 3749 Byzantii
1110 3664 1199 3726 sic
1267 3663 1532 3747 scripta:
1597 3661 2075 3754 ΔημοφόΡων,
2145 3669 2266 3729 Λα
2281 3663 2451 3730 fond
2465 3670 2628 3732 Fam.

282 3775 372 3837 Et
406 3794 522 3835 nos
564 3793 815 3855 quoque
844 3771 1058 3834 hiatus
1091 3791 1282 3833 causa
1310 3770 1779 3855 interponimus
1810 3774 1873 3837 V
1902 3774 2041 3837 loco
2073 3773 2393 3857 digamma
2440 3776 2515 3851 f,
2552 3787 2626 3838 ut

425 4097 453 4144 7
496 4092 697 4147 tarhesi
721 4110 776 4146 ‚u
800 4110 1019 4146 consone
1134 4096 1166 4147 8
1202 4094 1736 4156 dandichtetsnechti*
1751 4094 1909 4149 ioim's
2032 4099 2062 4148 9
2099 4097 2213 4149 dac.
2243 4096 2466 4149 dahdiat
2485 4096 2630 4148 mair

282 4179 456 4233 incdin
481 4179 631 4232 naili.
661 4180 776 4232 dac.
876 4181 937 4231 10
964 4197 1091 4247 pen.
1121 4180 1371 4233 hereo-dae
1467 4183 1522 4232 11
1565 4181 1672 4234 sill.
1685 4181 1906 4249 sordeib
1931 4180 2091 4235 dacii.
2118 4184 2214 4234 εόη
2301 4185 2361 4233 12
2384 4183 2629 4250 sorsace-

283 4265 435 4317 ne'lae
458 4264 701 4317 metirsin
775 4266 837 4316 13
880 4281 935 4317 .1.
968 4264 1116 4317 buith
1140 4265 1204 4316 do
1232 4283 1304 4317 αι.
1335 4283 1506 4318 conso·
1536 4266 1723 4335 ezr-quii

428 4348 529 4418 (Sb)
610 4353 630 4401 1
674 4348 977 4419 comsuidiy.
1007 4352 1102 4402 εόη
1174 4352 1203 4402 2
1240 4350 1526 4420 diaruidiq.
1546 4353 1641 4403 εόη
1712 4354 1742 4403 3
1763 4352 2074 4419 sortachtt’d
2138 4358 2170 4405 4
2204 4352 2337 4406 imm
2347 4351 2635 4422 sorliterdi

284 4439 314 4487 5
352 4453 440 4488 no.
471 4452 554 4487 ar.
584 4433 954 4488 isintrechostu
1026 4438 1057 4488 6
1093 4434 1437 4488 Iti-sindlucsin
1463 4435 1825 4491 indsainriuth
1851 4439 1886 4491 l.
1900 4440 2105 4507 forsan
2128 4458 2214 4492 no·
2243 4439 2367 4493 ciui.
