3150 5242
570 329 730 389 1134
1559 341 1901 385 ADDENDA.

570 488 716 559 tis.''
780 495 949 557 Sunt
994 504 1209 554 autem
1239 491 1564 554 Aldhelmi
1609 490 1971 574 rhythmica
2013 488 2125 552 illa
2164 491 2232 552 in
2276 491 2476 552 forma
2505 490 2914 552 assonantiae

567 599 915 683 composita
947 620 1136 680 supra
1165 609 1509 659 memorata
1541 601 1635 680 (p.
1675 599 1850 677 923).
1916 597 2053 659 Nec
2083 617 2216 658 non
2246 596 2417 659 idem
2448 607 2627 679 patet
2658 619 2740 658 ex
2770 596 2914 659 aliis

568 704 978 771 testimoniis:
1019 698 1347 766 “Versum
1393 702 1700 765 scoticum
1744 702 2090 764 noluerunt
2122 702 2222 764 vel
2264 702 2730 785 rhythmice
2776 724 2915 764 seu

567 812 902 877 metrice
952 809 1022 872 in
1068 809 1375 871 Latinum
1421 800 1648 870 verti.''
1710 807 1863 870 Vita
1906 808 1975 871 S.
2026 808 2294 871 Declani
2341 831 2445 890 ap.
2486 809 2651 871 Boll.
2693 808 2806 889 (cf.
2843 831 2909 891 p.

572 926 719 993 944,
755 920 948 994 not.).
1001 908 1454 997 “Apostolicae
1497 913 1665 975 sedis
1706 913 1997 996 pontifex
2037 935 2168 975 non
2201 915 2408 976 solum
2438 937 2534 989 ea,
2572 936 2739 996 quae
2767 917 2916 977 bea-

569 1038 673 1087 tus
717 1022 811 1084 vir
840 1022 904 1084 N
910 1020 1168 1082 otkerus
1202 1020 1568 1095 dictaverat,
1607 1041 1830 1081 verum
1862 1019 2053 1081 etiam
2083 1041 2180 1094 ea,
2216 1042 2380 1103 quae
2409 1020 2563 1083 socii
2595 1031 2662 1083 et
2690 1021 2916 1084 fratres

568 1131 705 1212 ejus
748 1128 818 1189 in
859 1127 1082 1187 eodem
1127 1124 1513 1187 monasterio
1545 1124 1614 1187 S.
1653 1125 1829 1188 Galli
1860 1136 2367 1207 composuerant,
2403 1126 2620 1192 omnia
2652 1127 2916 1188 canoni-

568 1234 770 1309 zavit,
822 1228 1117 1293 videlicet
1161 1230 1457 1313 hymnOS,
1510 1229 1899 1312 sequentias,
1952 1240 2187 1314 tropos,
2233 1231 2524 1307 letanias,
2562 1250 2913 1313 omnesque

569 1340 955 1414 cantilenaS,
1006 1335 1427 1411 rithmice,
1478 1336 1815 1399 metrice
1864 1337 1966 1398 vel
2017 1336 2298 1419 prosaice
2358 1358 2512 1418 quas
2562 1329 2915 1400 fecerant.''

569 1443 941 1511 Ekkehardi
971 1441 1124 1518 Vita
1156 1446 1232 1505 B.
1270 1441 1543 1504 Notkeri
1586 1464 1690 1524 ap.
1729 1441 2020 1505 Goldast.
2065 1449 2121 1519 1,
2160 1449 2306 1503 236.
2366 1436 2685 1505 “Parvuli
2714 1442 2916 1505 latine

568 1575 682 1637 pro
724 1572 948 1625 nosse,
999 1547 1195 1610 medii
1238 1546 1664 1623 rithmice,
1716 1548 1909 1610 ceteri
1950 1570 2096 1610 vero
2149 1548 2520 1624 metrice,
2574 1549 2760 1632 quasi
2802 1571 2917 1632 pro

567 1658 785 1722 rostris
828 1654 1093 1718 retorice
1138 1653 1332 1716 etiam
1378 1652 1744 1735 episcopum
1790 1646 2132 1717 affantur.''
2194 1654 2569 1721 Ekkehardi
2600 1656 2807 1718 Casus
2841 1657 2911 1718 S.

570 1763 745 1827 Galli
776 1786 878 1845 ap.
919 1763 1131 1823 Pertz.
1172 1765 1233 1835 2,
1274 1765 1376 1820 91.

741 1904 818 1963 Ρ.
852 1905 998 1975 918,
1026 1899 1073 1960 l.
1107 1905 1208 1959 25.
1260 1897 1649 1961 Assonantia
1678 1919 1811 1959 una
1840 1920 1986 1961 cum
2012 1899 2399 1982 syllabarum
2421 1911 2592 1963 certo
2616 1924 2911 1979 numero,

571 2010 737 2091 quod
785 2015 881 2068 est
920 2004 1247 2086 proprium
1293 2004 1551 2067 celticae
1593 2003 1830 2064 formae
1867 2004 2170 2086 poeticae,
2208 2005 2486 2087 primum
2517 2008 2919 2070 animadver-

573 2114 730 2176 titur
769 2111 837 2173 in
885 2109 1130 2193 psalmo
1181 2109 1248 2171 S.
1299 2108 1672 2191 Augustini.
1741 2110 1891 2171 Una
1933 2093 2278 2193 cademque
2324 2112 2557 2174 vocalis
2603 2135 2640 2174 ο
2680 2113 2918 2175 finiens

572 2238 790 2280 omnes
834 2236 1074 2290 versus,
1112 2215 1478 2276 assonantia
1519 2213 1716 2296 igitur
1748 2236 1938 2295 quam
1982 2216 2236 2292 dixeris,
2289 2216 2617 2281 invenitur
2657 2219 2920 2300 quidem

574 2324 765 2386 etiam
811 2322 877 2383 in
924 2319 1201 2383 carmine
1243 2323 1464 2402 poetae
1510 2320 1874 2382 vetustioris
1907 2321 2348 2384 Commodiani
2390 2324 2730 2407 inscripto:
2784 2327 2920 2387 No-

573 2451 722 2491 men
767 2424 1005 2490 Gazaei
1046 2424 1242 2505 (Bibl.
1285 2427 1460 2487 Patr.
1503 2432 1562 2501 3,
1604 2432 1748 2487 650.
1791 2430 1965 2503 651),
2016 2427 2125 2488 sed
2170 2429 2347 2490 deest
2387 2440 2597 2491 certus
2644 2431 2920 2513 syllaba-

574 2556 719 2597 rum
763 2552 1066 2594 numerus
1100 2534 1224 2611 (est
1267 2531 1438 2592 enim
1482 2530 1838 2592 hexametri
1879 2530 2065 2592 latini
2095 2530 2368 2595 imitatio
2400 2534 2499 2595 vel
2530 2533 2734 2596 forma
2764 2536 2921 2597 libe-

575 2642 752 2722 rior),
786 2650 850 2701 et
893 2637 1123 2699 finiens
1169 2659 1202 2698 ο
1245 2659 1462 2699 versus
1493 2658 1712 2698 omnes
1743 2635 1885 2697 ideo
1917 2646 2172 2699 tantum
2202 2639 2502 2721 adoptata
2532 2641 2813 2717 videtur,
2850 2654 2926 2704 ut

578 2747 661 2809 sit
701 2755 909 2807 certus
954 2742 1100 2804 finis
1146 2764 1446 2804 versuum
1491 2739 1819 2824 oppositu's
1863 2751 2031 2803 certo
2077 2742 2285 2819 initio,
2325 2747 2493 2825 quod.
2535 2745 2782 2808 scilicet
2825 2759 2925 2809 est

577 2873 810 2914 nomen
841 2853 1063 2933 poetae
1095 2846 1590 2910 Commodianus
1623 2867 1769 2907 cum
1800 2847 2176 2928 cognomine
2209 2850 2547 2912 Mendicus
2574 2851 2822 2913 Christi
2853 2851 2924 2913 in

579 2955 931 3018 initialibus
962 2952 1162 3015 literis
1194 2973 1492 3013 versuum
1522 2961 1689 3013 retro
1720 2951 1924 3014 lectiS.

746 3096 826 3156 P.
868 3097 1014 3167 921,
1051 3091 1096 3152 1.
1136 3097 1197 3151 9.
1265 3091 1366 3151 Ex
1407 3088 1878 3173 Antiphonario
1921 3091 2288 3153 monasterii
2333 3094 2802 3157 Benchorensis
2854 3096 2925 3157 in

581 3197 896 3262 Hibernia
943 3205 1096 3258 sunt
1136 3216 1354 3257 versus
1398 3206 1543 3278 post
1589 3195 1902 3278 hymnum
1950 3196 2300 3259 Secundini
2342 3197 2411 3258 in
2458 3198 2526 3261 S.
2568 3199 2926 3269 Patricium

579 3304 759 3367 allati
808 3313 871 3364 et
906 3300 1180 3364 desumti
1211 3323 1248 3362 a
1277 3321 1378 3361 me
1411 3319 1445 3359 e
1478 3299 1877 3364 Bibliotheca
1906 3314 2183 3385 patrum.
2250 3304 2306 3365 E
2337 3303 2774 3367 vetustissimo
2805 3307 2926 3367 hoc

578 3406 1051 3492 antiphonariO,
1102 3407 1271 3487 quod
1319 3401 1711 3468 Muratorius
1756 3429 1790 3469 e
1835 3408 2049 3470 codice
2092 3407 2512 3476 bibliothecae
2556 3411 2924 3474 Ambrosia-

581 3537 704 3577 nae
748 3510 982 3575 saeculi
1028 3510 1256 3585 octavi,
1293 3520 1367 3571 ut
1413 3510 1664 3573 videtur
1710 3512 1934 3574 editori
1967 3513 2260 3595 (Antiqq.
2298 3513 2451 3584 Ital.
2493 3520 2555 3590 3,
2591 3523 2756 3591 6693
2796 3539 2924 3580 sae-

583 3620 728 3682 culo
764 3618 893 3680 VII
925 3615 1025 3678 vel
1045 3616 1228 3679 ‘VIII
1263 3636 1409 3677 eum
1441 3616 1732 3678 attribuit
1760 3620 1907 3679 Am.
1946 3619 2220 3700 Peyron,
2255 3618 2456 3682 Cicer.
2492 3630 2655 3683 orat.
2692 3622 2919 3703 fragm.

585 3725 756 3794 ined.
786 3746 850 3806 p.
885 3725 1062 3804 224),
1090 3719 1439 3803 publicavit
1467 3719 1536 3781 in
1570 3729 1742 3783 tomo
1776 3724 1873 3785 IV
1894 3723 2390 3799 Anecdotorum,
2424 3723 2536 3807 qui
2564 3725 2729 3787 liber
2754 3750 2927 3790 nunc

586 3832 845 3891 demum
901 3828 973 3890 in
1032 3848 1260 3889 manus
1318 3847 1491 3888 meas
1551 3825 1763 3902 venit,
1820 3828 2132 3909 proferam
2185 3829 2379 3898 etiam
2432 3810 2558 3891 alia
2611 3835 2925 3912 quaedam

587 3934 881 4015 exempla
909 3931 1270 3994 hibernicae
1302 3940 1656 3993 structurae
1685 3931 1967 4014 po'elticae
1997 3932 2068 3994 in
2097 3933 2381 3996 versibus
2413 3934 2656 3998 latinis.

761 4082 1068 4165 Ejusdem
1122 4081 1342 4157 metri,
1390 4079 1571 4162 cujus
1628 4091 1726 4143 est
1768 4081 2049 4164 hymnus
2093 4079 2444 4144 Secundini
2484 4080 2554 4143 in
2600 4083 2670 4145 S.
2724 4086 2924 4152 Patri-

589 4190 761 4260 cium
805 4189 931 4269 (ed.
980 4188 1221 4258 Murat.
1269 4208 1334 4269 p.
1378 4190 1561 4267 136),
1621 4196 1992 4258 octonarum
2034 4186 2423 4268 syllabarum
2466 4186 2536 4252 in
2579 4189 2921 4269 prioribuS,

588 4304 995 4377 septenarum
1039 4290 1108 4354 in
1152 4290 1605 4374 posterioribus
1650 4291 1969 4367 membriS,
2008 4302 2104 4354 est
2133 4291 2327 4355 etiam
2357 4293 2665 4374 Hymnus
2701 4297 2773 4359 S.
2810 4298 2925 4360 Ca-

588 4398 814 4470 melaci
848 4401 939 4479 (p.
984 4400 1154 4479 142),
1193 4397 1394 4460 tribus
1428 4396 1704 4479 strophis
1736 4408 2057 4474 constanS,
2093 4419 2363 4479 quarum
2393 4409 2490 4460 est
2521 4399 2762 4480 prima:
