3150 5242
576 321 701 383 862
1001 322 1084 385 V.
1123 327 1183 385 2.
1248 340 1644 415 courosxjmo
1675 306 2086 387 nmmnnmA
2118 340 2471 385 nonnum.

574 493 795 555 eadem
838 512 963 554 vox
1003 511 1151 554 cum
1192 512 1421 554 axmor.
1470 491 1622 555 fem.
1671 500 1773 556 tra
1818 491 2012 573 (res),
2058 490 2406 574 quaeritur.
2469 492 2653 554 Porro
2688 490 2863 555 MAN

574 596 980 679 congreditur
1022 618 1172 660 cum
1213 595 1632 660 substantivis
1673 607 1740 660 et
1777 596 2103 680 adjectivis
2135 618 2210 661 eo
2239 597 2370 660 fere
2395 597 2600 674 modo,
2631 605 2703 660 ut
2728 595 2862 671 -eid,

575 703 701 780 -lit,
737 703 806 766 in
846 701 1214 794 nominibus
1257 701 1589 765 cambricis
1629 702 1911 766 virorum
1941 705 2034 786 (p.
2076 705 2249 784 792),
2283 724 2404 766 nec
2444 701 2666 775 non,in
2691 701 2868 767 nomi-

575 808 766 871 nibus
812 807 1030 871 avium
1076 807 1493 891 quibusdam,
1539 807 1610 871 in
1654 809 1889 892 quibus
1930 808 2241 893 adjectivo
2281 830 2434 873 man
2474 810 2745 893 (parvus)
2759 807 2874 878 ,vel

576 915 700 980 ban
733 914 957 997 (altus)
988 934 1122 977 non
1167 915 1470 977 concedet
1510 915 1726 977 locum
1770 913 2034 997 aliquis:
2083 915 2330 999 tylluan
2361 915 2592 996 (ulula)
2622 914 2783 976 Mab.
2817 918 2868 987 3,

579 1025 725 1096 214,
769 1019 1006 1104 yoluan
1038 1020 1331 1101 (passer),
1369 1019 1679 1084 berthuan
1711 1023 1949 1103 (parra)
1980 1021 2249 1096 Vocab.,
2284 1019 2354 1082 in
2398 1041 2663 1103 quorum
2695 1017 2875 1104 priore

575 1127 712 1189 loco
754 1125 935 1188 facile
980 1124 1444 1207 dignoscuntur
1484 1127 1720 1190 cambr.
1767 1128 1968 1191 subst.
2008 1127 2142 1191 twll
2169 1126 2552 1209 (spelunca),
2586 1124 2704 1207 adj.
2730 1123 2880 1207 φατοί

578 1235 869 1316 (purus),
921 1229 1098 1294 berth
1134 1230 1479 1313 (pulcher).
1544 1232 1929 1314 Congruunt
1967 1233 2130 1299 bene
2170 1253 2317 1295 cum
2362 1231 2464 1294 his
2506 1231 2755 1295 nomina
2790 1251 2877 1291 ve-

576 1348 770 1415 tusta,
800 1336 1032 1420 quibus
1055 1335 1210 1399 item
1233 1335 1543 1418 adjectiva
1565 1331 1864 1414 subsunt,
1887 1336 2262 1414 Cenomani,
2283 1335 2591 1402 Germani
2615 1338 2701 1420 (p.
2726 1335 2874 1415 735),

578 1454 642 1506 et
683 1444 993 1526 quaedam
1029 1441 1196 1504 inter
1239 1441 1502 1504 nomina
1543 1442 1823 1507 virorum
1867 1442 2200 1519 cambrica,
2237 1451 2311 1505 ut
2348 1443 2599 1507 Tecuan
2628 1440 2789 1507 Mab.
2822 1443 2876 1513 2,

580 1555 700 1612 208
736 1571 816 1612 ex
847 1548 972 1631 adj.
1013 1557 1105 1611 tec
1134 1548 1525 1632 (formosus).

752 1660 813 1717 2.
865 1654 1222 1718 Substan
1242 1654 1409 1716 tiva
1452 1675 1627 1716 cum
1670 1652 2132 1737 adJectiviS.
2194 1654 2365 1717 Sunt
2391 1675 2527 1719 non
2556 1650 2882 1732 infrequen-

580 1761 669 1825 tia
705 1759 1022 1824 cambrica
1067 1759 1157 1822 ita
1200 1758 1569 1842 composita.
1634 1759 2004 1825 Vetustiora
2047 1780 2082 1822 e
2122 1759 2350 1843 glossis
2382 1760 2597 1823 Oxon.
2616 1759 2637 1825 ἐ
2688 1757 2883 1827 bronn-

580 1865 783 1930 breith
827 1868 1107 1949 (pectore
1144 1864 1567 1947 variegatus),
1605 1864 2053 1947 bleuporthetio
2083 1865 2199 1948 (gl.
2236 1864 2534 1948 laniger).
2598 1865 2653 1927 E
2693 1861 2880 1927 Mab.:

580 1974 923 2058 bronnwyn
955 1975 1256 2055 (pectore,
1284 1979 1502 2033 ventre
1532 1970 1738 2048 albus,
1769 1970 1971 2052 canis)
2005 1978 2062 2047 1,
2094 1978 2169 2033 27
2182 1978 2240 2034 4.
2275 1970 2500 2051 march
2530 1964 2888 2057 mynqqryoh

582 2082 811 2162 (equus
847 2077 1008 2161 juba
1052 2076 1322 2162 crispus)
1361 2083 1418 2152 1,
1459 2081 1563 2138 26.
1593 2098 1793 2160 ywaS,
1823 2099 1964 2160 ρων
1978 2078 2312 2165 penqryclz
2342 2080 2554 2162 (puer,
2590 2076 2682 2140 vir
2710 2071 2888 2159 capite

584 2185 881 2267 crispus),
919 2204 1201 2269 morwyn
1234 2180 1583 2266 bennqreoh
1616 2182 1858 2263 (puella
1889 2182 2159 2245 caesarie
2189 2182 2421 2267 crispa)
2453 2191 2512 2260 1,
2545 2189 2604 2246 3.
2638 2189 2735 2247 14,
2764 2184 2888 2243 281.

591 2295 736 2352 282.
785 2288 1146 2352 marchawc
1160 2288 1497 2369 pendrwm
1531 2289 1751 2369 (eques
1765 2287 1981 2371 capite
2010 2287 2244 2370 gravis,
2280 2287 2489 2372 capite
2520 2286 2805 2369 demisso)
2835 2287 2886 2358 2,

585 2402 687 2457 37.
723 2394 946 2456 march.
962 2381 1331 2476 pennuohel
1356 2395 1586 2474 (equus
1616 2391 1823 2475 capite
1853 2393 2123 2475 elevato)
2159 2398 2219 2469 2,
2260 2399 2405 2456 388.
2442 2387 2890 2480 hyntffrwytk-

584 2501 752 2563 laum
787 2499 1104 2583 qlotuawr
1149 2497 1279 2579 (via
1321 2496 1650 2560 fructuum
1690 2497 1883 2580 plena
1923 2498 2225 2581 gloriosa)
2261 2503 2320 2576 2,
2361 2504 2474 2588 26.
2520 2496 2738 2573 march
2765 2493 2892 2558 clot-

581 2628 763 2670 uawr
795 2608 1024 2689 (equus
1055 2625 1325 2687 magnae
1347 2602 1620 2687 gloriae)
1656 2606 1716 2679 2,
1756 2608 1902 2666 240.

755 2718 816 2774 3.
881 2708 1432 2773 Substantiva
1489 2731 1666 2772 cum
1709 2708 2002 2772 verbis.
2067 2711 2379 2794 Exempla
2409 2710 2752 2778 cambrica:
2785 2713 2895 2782 etn-

529 2899 532 2900 ⁷
582 2816 896 2880 coilhaam
924 2815 1039 2899 (gl.
1070 2806 1416 2899 ab'aspicio
1440 2836 1718 2898 auspex3
1747 2846 1836 2867 =
1856 2814 2179 2899 avispici0‚
2209 2825 2368 2894 etan,
2398 2817 2565 2899 avis)
2589 2817 2677 2900 gl.
2707 2814 2893 2877 Oxon.

566 2920 1108 3006 ffrwynqumhm
1128 2918 1606 3004 ffrwynqumu
1636 2920 1843 3002 (frena
1870 2921 2158 3003 nodare),
2173 2921 2757 3010 ffrwynqumawd
2781 2919 2899 3000 (no-

583 3026 784 3106 davit)
817 3026 994 3088 Mab
1034 3030 1094 3101 2,
1136 3030 1240 3086 38
1280 3031 1382 3086 39.
1421 3031 1525 3085 41

757 3140 818 3193 4.
867 3130 1290 3214 Adjectiva
1334 3151 1507 3192 cum
1550 3131 2114 3195 substantivis.
2157 3133 2327 3202 Sunt
2349 3126 2899 3217 frequentiahujus

584 3236 1057 3323 compositionis
1088 3236 1378 3320 exempla
1405 3235 1786 3313 britannica,
1817 3247 1892 3299 ut
1921 3237 2268 3301 hibernica.
2323 3240 2666 3304 Sufficient
2687 3235 2894 3317 aliqua.

753 3346 833 3407 E.
868 3365 963 3427 gr.
1015 3342 1328 3405 cambrica
1369 3342 1681 3425 adjectiva
1719 3343 1954 3406 colores
1998 3343 2349 3407 indicantia
2389 3366 2542 3408 cum
2582 3335 2901 3410 substanti-

584 3450 711 3513 vis:
753 3450 1069 3533 quenfrut
1109 3448 1331 3529 (albus
1376 3447 1623 3529 amnis)
1656 3446 1800 3510 Lib.
1855 3449 2063 3511 Land.
2106 3455 2248 3512 148.
2299 3451 2604 3536 rudpull,
2645 3438 2907 3538 ylaspull

586 3557 826 3637 (rubra,
860 3554 1090 3637 glauca
1117 3552 1310 3636 fossa)
1344 3553 1488 3615 Lib.
1527 3554 1735 3615 Land.
1778 3561 1879 3615 74.
1923 3560 2067 3617 148.

756 3659 1090 3743 Adjectiva
1128 3658 1249 3722 ken
1285 3662 1531 3741 (senex,
1564 3661 1917 3741 vetustus),
1955 3682 2093 3724 cam
2125 3662 2412 3742 (curvus)
2444 3671 2569 3724 ete.
2608 3678 2752 3721 cum
2780 3652 2903 3717 sub-

587 3764 915 3829 stantivis:
966 3764 1205 3828 hendat
1234 3764 1349 3847 (gl.
1386 3766 1610 3847 avus),
1660 3763 1951 3828 hemmam
1985 3766 2100 3849 (gl.
2137 3766 2304 3850 avia)
2335 3766 2407 3829 in
2440 3765 2674 3850 glossis
2711 3763 2899 3825 Oxon.

587 3872 644 3935 E
672 3871 833 3933 libro
857 3871 1145 3933 Landav.
1172 3893 1187 3933 z
1224 3869 1481 3934 kennrit
1507 3877 1608 3931 70.
1640 3870 1920 3934 ’Ῐιθηᾱνεό
1949 3878 2052 3933 71.
2086 3871 2309 3936 henalt
2332 3879 2434 3934 75.
2470 3869 2755 3956 henford
2778 3866 2902 3928 146.

587 3976 924 4058 beaupont,
952 3975 1229 4059 henpont
1255 3981 1400 4037 199.
1451 3976 1507 4038 Ε
1539 3976 1717 4037 Mab.
1744 3998 1758 4037 z
1791 3975 2064 4061 ἦεηῖῑῃε,
2091 3976 2431 4041 henneuad
2450 3980 2735 4059 (vetusta
2754 3968 2905 4047 aula)

591 4088 651 4159 2,
696 4087 794 4142 13.
837 4087 895 4157 3,
934 4087 1080 4145 372.
1129 4082 1424 4157 kenwiso,
1474 4081 1793 4145 hendillat
1819 4082 2040 4163 (vestis
2085 4084 2398 4164 obsoleta)
2436 4089 2492 4159 1,
2526 4086 2686 4144 250.
2724 4085 2783 4154 2,
2818 4079 2903 4144 24·

587 4187 925 4256 henwrach
971 4187 1215 4270 (vetula
1254 4186 1509 4269 mulier)
1545 4190 1607 4262 2,
1648 4193 1791 4250 199.
1858 4191 2088 4256 Porro:
2136 4190 2446 4256 camdubr
2474 4191 2701 4271 (curva
2738 4180 2907 4264 aqua)

588 4295 747 4358 Cod.
783 4293 1098 4362 Lichfeld.
1147 4291 1433 4376 camfrut
1474 4295 1732 4373 (curvus
1775 4294 2063 4377 fluvius),
2099 4294 2407 4384 camyuili
2431 4298 2697 4376 (curvus
2727 4285 2909 4362 vicus)

589 4399 732 4466 Lib.
770 4400 977 4469 Laud.
1021 4405 1162 4466 133.
