3150 5242
606 399 724 462 VI.
764 402 822 460 2.
883 417 1327 461 consrnuc'rlo
1359 415 1636 461 romum
1670 410 2101 456 BRITANNICA.
2396 386 2520 445 957

328 575 521 632 Probis
544 574 859 648 juvenibus
890 574 1165 642 illudunt,

323 681 501 734 Nocte
531 677 721 732 mulso
752 676 1043 744 fruuntur,
1083 674 1177 730 die
1209 673 1523 733 dormiunt,

323 783 526 837 Secure
559 779 685 834 sine
715 778 910 834 labore
941 777 1295 845 nutriuntur,

318 881 640 939 Ecclesiam
669 879 928 935 devitant
960 886 1018 934 et
1048 874 1347 935 tabern'am
1379 882 1686 949 quaerunt,

317 987 462 1041 Cum
491 983 815 1039 latronibus
844 979 1095 1056 perjuris
1128 977 1549 1043 consociantur,

315 1087 494 1142 Aulas
526 1091 585 1142 et
618 1084 821 1158 epulas
855 1087 1203 1150 scrutantur,

317 1191 619 1263 Quamque
651 1206 852 1243 vocem
883 1185 1146 1240 insanam
1176 1183 1467 1251 intimant,

312 1292 596 1364 Quodque
627 1295 936 1363 peccatum
965 1286 1209 1360 capitale
1240 1285 1592 1352 collaudant,

314 1396 617 1466 Quamque
651 1389 1060 1464 profanitatem
1090 1389 1242 1443 vitae
1273 1388 1514 1455 ducunt,

310 1497 414 1552 Per
445 1513 620 1550 omne
656 1492 953 1566 oppidum,
996 1509 1226 1547 omnem
1255 1489 1468 1557 vicum,
1509 1507 1741 1544 omnem
1770 1487 2065 1561 regionem
2095 1491 2394 1559 vagantur,

307 1597 567 1654 Pericula
596 1593 804 1650 mortis
835 1611 953 1648 non
984 1599 1205 1660 curant,

304 1701 424 1755 Nec
456 1695 824 1754 domicilium
855 1713 962 1749 nec
995 1692 1423 1765 eleemosynam
1452 1710 1713 1763 unquam
1744 1691 1902 1757 dant,

302 1798 758 1856 Abundantibus
792 1795 934 1851 cibis
967 1794 1293 1868 epulantur,

303 1903 546 1959 Psalmis
580 1907 645 1956 et
675 1898 931 1954 oratione
962 1916 1080 1953 non
1108 1902 1372 1964 utuntur,

300 2005 572 2061 Decimas
608 2008 669 2058 et
701 1999 1023 2057 oblationes
1055 1998 1163 2053 deo
1194 2016 1313 2053 non
1345 1997 1597 2066 solvunt,

301 2107 524 2163 Diebus
558 2104 730 2161 festis
762 2108 821 2158 et
852 2099 1155 2157 dominicis
1187 2118 1305 2155 non
1335 2107 1703 2167 venerantur,

301 2208 545 2282 vigilias
580 2213 643 2262 et
673 2202 1049 2261 caerimonias
1080 2220 1199 2256 non
1232 2202 1561 2259 observant,

300 2313 457 2388 Aves
486 2309 712 2375 volant,
750 2306 942 2379 pisces
974 2311 1197 2372 natant,

299 2415 459 2486 Apes
489 2408 853 2475 mellificant,
891 2426 1116 2462 vermes
1147 2414 1376 2481 repunt,

301 2514 563 2577 Quodvis
597 2512 879 2584 operatur
899 2509 973 2563 ad
1004 2509 1472 2582 consequendam
1502 2509 1879 2564 nutritionem

293 2615 573 2690 Exceptis
610 2611 798 2669 Cleris
830 2616 889 2668 et
917 2609 1239 2667 latronibus
1270 2610 1450 2685 pigris
1481 2610 1807 2668 inutilibus

300 2778 433 2832 Non
463 2774 832 2849 reprehendo
865 2792 972 2847 ego
1004 2779 1239 2828 cantum
1270 2779 1327 2828 et
1357 2778 1659 2828 cantorum
1689 2779 1889 2840 artem,

299 2879 450 2934 Nam
481 2879 632 2933 deus
665 2896 733 2932 ea
762 2876 923 2932 dedit
954 2880 1153 2944 contra
1181 2874 1367 2930 malae
1400 2874 1689 2942 tristitiae,
1777 2915 1780 2918 -

300 2979 428 3035 Nisi
463 2998 603 3035 eum
636 2978 737 3052 qui
768 2997 836 3033 ea
865 2978 984 3051 agit
1013 2976 1214 3050 iniquo
1247 2996 1361 3033 usu

301 3081 396 3135 Ad
425 3079 976 3154 reprehendendum
1005 3080 1041 3135 J
1045 3097 1210 3133 esum
1243 3079 1489 3151 ejusque
1522 3063 1888 3134 servitium.''

338 3228 602 3289 Praeter
633 3209 1036 3287 communem
1068 3226 1362 3307 copulam
1392 3233 1532 3287 -ant
1554 3222 1969 3287 enarrationis
1994 3222 2511 3303 reprehendentis

185 3339 241 3391 et
268 3332 433 3394 -aetlz
465 3331 766 3414 strophae
795 3331 1006 3393 finalis
1037 3331 1106 3392 in
1137 3330 1435 3393 membris
1467 3329 1632 3392 hanc
1663 3329 2186 3412 praecedentibus
2214 3330 2509 3392 omnibus

186 3433 453 3500 laterales
479 3436 883 3501 assonantiae
907 3448 971 3499 et
993 3436 1281 3499 internae
1304 3436 1745 3511 inveniuntur,
1775 3457 1935 3516 quae
1960 3447 2174 3498 tamen
2199 3457 2328 3498 non
2350 3458 2509 3498 sem-

184 3561 283 3621 per
305 3555 453 3606 sunt
477 3543 728 3626 plenae.
782 3542 1287 3605 Terminationes
1314 3541 1466 3617 -ίοη,
1499 3541 1659 3617 -2‘au,
1692 3541 1876 3616 dant,
1907 3564 2067 3623 quae
2100 3541 2397 3604 videntur
2417 3543 2509 3604 bi-

185 3647 466 3728 syllabae,
488 3651 569 3712 ob
582 3660 856 3710 metrum
873 3648 976 3710 hic
993 3648 1205 3731 potius
1219 3648 1691 3731 monosyllabae
1706 3650 2025 3729 putandae
2040 3659 2192 3710 sunt
2207 3648 2358 3730 (leg.
2378 3648 2513 3728 :jon

187 3758 346 3835 Βία),
377 3757 488 3818 sed
519 3753 926 3818 constituunt
955 3749 1296 3837 bisyllabas
1321 3754 1716 3817 assonantias
1741 3755 2094 3816 accedendo
2121 3756 2200 3816 ad
2224 3754 2507 3816 internas

184 3854 243 3918 in
266 3861 517 3924 vocibus
544 3859 838 3922 indicatis
858 3859 1237 3943 ywirionion
1255 3860 1557 3945 ddynion,
1574 3860 1860 3945 ywyliau
1879 3859 2197 3922 mewz'liau
2214 3857 2501 3942 aliisque.

250 4025 257 4030 ,
340 3965 628 4035 Quodvis
658 3968 1015 4033 membrum
1045 3988 1273 4028 novem
1298 3966 1686 4049 syllabarum
1710 3987 1846 4028 esse
1870 3965 2051 4028 solet.
2101 3964 2230 4027 Hic
2256 3987 2508 4048 quoque

186 4068 425 4152 scriptio
471 4082 726 4133 vetusta
770 4071 1064 4135 restituta
1106 4072 1502 4135 assonantias
1544 4071 1822 4134 initiales
1867 4070 2211 4133 recentiore
2243 4071 2509 4133 abolitas

184 4176 432 4253 reducit,
471 4200 529 4240 e.
565 4200 661 4259 gr.
710 4177 779 4239 in
819 4177 956 4239 his:
1001 4177 1413 4261 quire'oniou.{
1452 4177 1803 4241 moroim'on
1843 4182 1851 4256 Ι
1891 4176 2081 4252 mair,
2117 4198 2231 4257 pro
2256 4177 2508 4260 forwy-

185 4279 320 4344 nion
358 4284 548 4350 mair.
618 4283 721 4345 Fit
762 4282 880 4345 hoc
925 4283 1263 4366 praecipue
1306 4286 1375 4346 in
1417 4295 1690 4367 quatuor
1719 4283 1939 4367 primis
1970 4280 2291 4357 membriS,
2330 4303 2508 4343 orna-

187 4384 258 4447 tis
296 4410 442 4469 prae
485 4389 782 4453 omnibus
813 4389 978 4465 aliis,
1016 4400 1080 4451 et
1109 4389 1178 4451 in
1210 4390 1452 4453 ultimis
1483 4401 1778 4473 quatuor,
1814 4409 2117 4471 per‘quae
2148 4386 2511 4448 assonantia

187 4513 216 4550 e
242 4494 569 4559 dominans
601 4517 674 4558 eo
704 4497 891 4557 modo
922 4495 1165 4577 prodit:
