3150 5242
650 370 727 434 V.
773 379 831 433 1.
872 372 1262 434 ‘DERIVA'rlo
1293 388 1703 433 ΒΒῙΤΑΝΝῙοΑ
1735 389 2098 433 vocALmM.
2419 368 2544 431 785

229 541 388 604 Mab.
415 539 527 624 sq„
555 539 892 605 masculini
918 540 1168 624 generis
1183 565 1202 616 ;
1238 538 1534 602 feminini
1561 547 1826 624 motrwy
1857 540 2198 621 (annulust
2233 561 2276 624 y
2302 548 2540 624 votrwy

225 645 401 730 bonu)
432 648 607 709 Mab.
650 654 705 724 1,
723 642 730 647 ’
748 654 849 724 14,
875 640 1056 729 'quod
1084 646 1335 710 videtur
1364 645 1810 728 compositum.

371 753 493 815 AU
517 754 779 834 (cambr.
807 763 934 816 vet.
957 776 1058 829 ou,
1085 752 1404 815 recentius
1428 754 1531 832 eu)
1556 750 1626 812 in
1650 751 2066 815 substantivis
2091 762 2156 814 et
2178 751 2528 835 adjectivis.
2576 818 2583 821 Ἰ

222 860 294 921 In
321 860 515 922 subst.
539 881 553 920 ε
590 859 790 922 keneu
821 860 1124 937 (catulus,
1153 857 1394 921 animal
1412 857 1790 940 juvencum,
1819 857 1970 920 ho‘d.
2000 879 2197 920 cenau
2227 879 2422 920 masc.
2444 882 2463 932 ;
2500 879 2534 919 e

219 967 337 1028 rad.
369 988 476 1028 cen
507 987 624 1049 pro
647 988 794 1049 qen,
827 987 893 1048 p.
930 968 1065 1046 45),
1100 964 1324 1027 blodeu
1356 963 1529 1044 (flos)
1562 963 1740 1025 Mab.
1776 963 1863 1046 fq.
1908 985 2110 1026 arueu
2141 966 2525 1044 (armaturaz

219 1093 287 1133 vn
336 1094 567 1148 amen,
618 1093 752 1133 una
792 1082 1150 1146 armatura3
1201 1081 1424 1134 contra
1465 1070 1636 1152 plur.
1685 1090 1887 1131 arueu
1944 1078 2234 1154 trymyon
2250 1117 2271 1145 ‚
2317 1068 2536 1152 gravia

218 1199 397 1254 arma,
434 1179 614 1240 Mab.
659 1182 730 1253 3,
771 1181 921 1259 304)
954 1177 1131 1238 Mab.
1171 1181 1246 1251 2,
1284 1183 1390 1238 47.
1453 1176 1699 1238 Eadem
1748 1198 1873 1238 vox
1924 1175 2124 1237 keneu
2176 1186 2250 1236 ut
2301 1196 2536 1237 nomen

217 1283 518 1366 proprium
556 1281 844 1346 virorum
882 1281 1174 1358 occurrit,
1212 1292 1343 1344 tam
1389 1281 1663 1365 simplex
1705 1303 1900 1363 quam
1935 1281 2005 1342 in
2035 1280 2526 1363 compositione:

223 1387 459 1451 Chanao
522 1388 723 1471 Greg.
774 1389 932 1450 Tur.
971 1396 1042 1465 4,
1080 1394 1144 1450 4.
1202 1389 1553 1451 Morcenou
1595 1387 1739 1449 Lib.
1791 1388 1998 1450 Land.
2041 1392 2183 1448 136.
2246 1385 2534 1449 Riceneu

218 1499 342 1556 162.
404 1496 706 1576 Suntque
735 1493 860 1556 alia
889 1492 1176 1577 ejusdem
1206 1492 1672 1556 terminationis
1703 1493 1968 1556 nomina
1994 1492 2307 1555 virorum:
2353 1492 2531 1555 Blei-

213 1600 316 1662 ἄρα
343 1600 482 1663 Lib.
519 1601 735 1662 Land.
773 1608 916 1662 147.
949 1598 1241 1662 Llachezc
1273 1600 1392 1681 (fil.
1428 1599 1726 1681 Arthuri)
1759 1601 1937 1662 Mab.
1971 1605 2031 1675 2,
2064 1606 2211 1661 390.
2271 1600 2431 1662 IAU
2460 1599 2532 1661 in

218 1704 593 1769 Oinbleidiou
611 1707 774 1768 Lib.
812 1708 1017 1769 Land.
1061 1711 1205 1767 188.
1271 1706 1355 1766 In
1384 1703 1746 1787 adjectivis:
1800 1727 1986 1768 asseu
2017 1705 2332 1787 (sinister3
2382 1726 2533 1768 assu

211 1811 347 1894 Leg.
384 1819 442 1874 2.
483 1818 544 1875 1.
585 1815 701 1893 36)
750 1812 926 1873 Mab.
969 1818 1035 1888 1„
1077 1816 1223 1872 275.
1263 1816 1338 1887 2,
1379 1816 1524 1871 387.
1573 1810 1815 1887 debon,
1866 1811 2065 1874 deheu
2110 1812 2393 1892 (dexter3
2443 1812 2525 1873 cf.
2597 1871 2602 1876 ,

207 1937 384 1999 germ.
418 1928 546 1981 vet.
582 1920 861 1998 zesawa)
895 1916 1038 1980 Lib.
1075 1919 1281 1980 Land.
1313 1917 1489 1978 Mab.
1527 1915 1741 1992 diheu,
1772 1916 1922 1980 dieu
1953 1919 2212 1998 (certus,
2243 1920 2529 1998 securus)

208 2023 366 2085 Mab.
401 2031 456 2100 1,
488 2031 550 2086 6.
584 2031 652 2085 9.
687 2028 832 2084 250.
871 2030 1052 2085 teneu
1075 2021 1342 2103 (tenuis)
1370 2023 1547 2085 Mab.
1582 2027 1642 2097 2,
1677 2026 1822 2083 382.
1852 2021 2105 2105 ywineu
2131 2023 2404 2104 (fuscus)
2436 2023 2525 2106 sq.

357 2129 800 2193 Inveniuntur
850 2127 1042 2189 etiam
1088 2126 1393 2190 armorica
1435 2127 1699 2191 nomina
1742 2127 2024 2191 virorum
2062 2127 2421 2190 desinentia
2460 2128 2532 2191 in

207 2255 298 2296 -ou
327 2236 458 2315 (sed
500 2235 572 2297 in
623 2233 1008 2316 quibusdam
1047 2232 1301 2295 videtur
1341 2234 1687 2316 legendum
1732 2236 1867 2315 ψη)
1886 2282 1905 2309 ,
1944 2233 2077 2296 -iou
2094 2261 2115 2295 .·
2168 2236 2524 2312 Guorasou,

205 2338 538 2417 Dinaerou,
576 2338 987 2402 Loiesbritou
1016 2339 1237 2402 Chart.
1276 2339 1490 2401 Rhed.
1534 2345 1591 2414 1,
1634 2346 1691 2400 7.
1734 2344 1834 2401 17.
1874 2340 2041 2401 Mor.
2075 2345 2221 2400 267.
2281 2341 2521 2416 Oudon,

208 2445 413 2509 Saliou
443 2445 744 2510 Chartul.
782 2435 1114 2526 Kemperl.
1152 2445 1319 2506 Mor.
1353 2451 1499 2506 431.
1538 2443 1780 2507 Periou
1810 2444 2137 2529 Coriosop.
2169 2445 2336 2506 Mor.
2376 2430 2521 2506 378.

207 2555 334 2613 379.

352 2660 450 2722 De
495 2655 949 2722 terminatione
980 2678 1092 2719 -au
1135 2656 1238 2719 vel
1270 2655 1430 2732 -z‘au,
1463 2654 1712 2719 diversa
1741 2678 1779 2718 a
1807 2656 2243 2738 praecedente,
2280 2643 2418 2720 orta
2447 2680 2527 2720 ex

203 2785 313 2839 -av,
347 2764 497 2842 -iav,
533 2774 602 2827 et
648 2765 727 2826 de
758 2761 867 2838 -εἰ,
902 2762 1051 2823 hod.
1089 2760 1205 2837 -ai,
1241 2761 1346 2823 cui
1389 2762 1607 2823 subest
1629 2762 1699 2843 j,
1733 2782 1928 2843 supra
1960 2760 2097 2842 jam
2127 2761 2527 2845 disputatum

202 2878 284 2930 est
312 2871 398 2953 (p.
434 2877 579 2932 150.
622 2871 769 2950 153)
796 2878 861 2931 et
891 2866 1056 2930 infra
1087 2888 1336 2949 quoque
1365 2866 1614 2929 dicetur
1638 2866 1708 2928 in
1731 2866 2121 2929 derivatione
2144 2867 2525 2950 spirantium

198 2973 553 3039 britannica.

311 3213 386 3273 B.
472 3211 915 3277 Derivatio
959 3235 1504 3278 consonarum
1546 3211 1901 3296 simplex
1946 3224 2022 3276 et
2063 3213 2389 3298 duplex.

778 3424 835 3477 1.
902 3416 1334 3480 Derivatio
1388 3416 1927 3499 liquidarum.

349 3602 402 3663 L
447 3599 795 3684 subjuncta
822 3601 1018 3664 radici
1046 3602 1150 3665 vel
1180 3602 1375 3665 etiam
1404 3600 1784 3665 derivationi
1828 3606 1897 3685 a)
1943 3603 2119 3665 nuda
2149 3602 2286 3667 sine
2315 3605 2520 3667 vocali

202 3721 365 3784 saepe
404 3704 757 3781 invenitur,
794 3717 867 3768 ut
911 3719 1153 3770 ceterae
1197 3708 1500 3791 liquidae,
1537 3706 1608 3768 in
1645 3707 1905 3771 vocibus
1935 3708 2307 3772 britannicis
2330 3709 2523 3793 juxta

199 3805 444 3887 formas,
494 3832 660 3893 quae
702 3811 945 3873 vocales
986 3834 1028 3895 y
1074 3813 1176 3875 vel
1219 3836 1252 3875 e
1290 3813 1753 3876 intercedentes
1798 3816 2147 3877 ostendunt
2158 3839 2177 3890 3
2228 3837 2284 3877 e.
2320 3837 2417 3898 gr.
2452 3815 2522 3877 in
2564 3883 2571 3886 ι

200 3910 398 3977 Mab.:
457 3916 710 3979 chwedl
755 3917 1085 3998 (nuntiUS‚
1143 3918 1446 3999 narratio)
1497 3924 1571 3994 2,
1619 3924 1691 3979 19
1739 3918 1931 4002 juxta
1984 3919 2273 4004 chwedyl
2316 3928 2371 3995 1,
2416 3927 2515 3983 10.

197 4022 457 4104 myanl
494 4022 764 4104 (cervix)
804 4029 870 4098 1,
914 4030 987 4083 17
1027 4023 1218 4106 juxta
1261 4023 1588 4108 myanyl
1631 4029 1690 4099 1,
1731 4029 1833 4085 25.
1893 4024 2126 4088 kenedl
2162 4027 2420 4108 (genus)
2456 4032 2516 4101 3,

201 4124 300 4182 301
328 4123 519 4206 juxta
550 4127 825 4211 kenedyl
858 4135 912 4203 1,
953 4132 1055 4190 26.
1096 4134 1155 4203 3,
1196 4135 1341 4189 300.
1410 4130 1513 4191 Ita
1534 4127 1672 4210 jam
1701 4128 1771 4190 in
1799 4129 2026 4211 glossis
2059 4129 2311 4192 Oxon.:
2364 4131 2528 4193 dadl

198 4225 303 4306 (gl.
337 4231 622 4313 concio),
670 4233 814 4296 datl
853 4233 968 4315 (gl.
1005 4233 1246 4308 forum;
1295 4232 1450 4294 ibid.
1488 4232 1695 4309 dada,
1747 4233 1836 4315 gl.
1874 4234 2113 4315 curia),
2159 4235 2375 4316 sumpl
2399 4236 2515 4318 (gl.

197 4331 531 4417 stimulus),
568 4338 746 4399 rasel
771 4336 885 4419 (gl.
924 4342 1217 4418 sartum).
1284 4337 1704 4418 Frequentior
1745 4359 1898 4400 usus
1942 4349 2058 4413 est,
2096 4339 2309 4401 deesse
2339 4361 2521 4403 voca-

195 4432 311 4498 lem
345 4449 601 4504 tantum
625 4444 959 4504 accedente
983 4440 1288 4504 flexione:
1327 4443 1647 4505 ckwedleu
1672 4442 2115 4524 (narrationeS,
2143 4465 2311 4506 nova
2327 4468 2346 4519 ;
2376 4465 2523 4506 con-

290 4550 413 4591 v01..
442 4540 521 4592 ΙΙ.
2030 4551 2105 4604 50
