3150 5242
633 415 757 475 694
1130 416 1251 478 IV.
1292 421 1351 476 3.
1415 433 1948 477 CONJUNOTIONES
1980 432 2456 476 BRITANNICAE.

640 591 744 659 47,
783 591 843 645 4.
894 604 1034 665 moy
1076 582 1214 664 ayis
1247 583 1437 666 yavel
1462 583 1722 645 tredden
1755 580 1984 664 (magis
2016 603 2206 663 quam
2234 580 2422 643 ruina
2449 579 2732 663 putrida3
2765 610 2866 632 -=
2897 601 2988 641 ac

639 687 695 750 is
714 689 776 768 ,9)
813 692 957 762 237,
996 695 1057 749 2.

810 792 1237 876 comparativi
1278 791 1581 874 loquendi
1610 789 1781 852 modi
1812 789 2107 851 cambrici
2135 789 2476 872 vestigium
2506 789 2833 852 cornicum
2863 811 2987 852 ex-

640 907 767 960 stat
805 897 873 959 in
916 898 1202 959 formulis
1246 898 1477 979 kepare
1515 896 1637 971 ha,
1685 895 1884 976 kepar
1925 894 2034 969 Ιια,
2083 894 2283 975 kepar
2322 895 2408 958 ka
2450 894 2574 971 del,
2621 895 2821 976 kepar
2867 895 2994 957 del

640 1004 802 1084 (par
830 1003 984 1065 alias
1015 1002 1331 1065 intensiva
1357 1001 1693 1084 particula,
1727 1022 1793 1082 p.
1833 1007 1909 1061 57
1919 1004 2018 1080 5>=
2069 999 2269 1081 kepar
2298 1001 2384 1063 Ιια
2416 1009 2474 1063 te
2502 1004 2730 1084 (aeque
2760 1023 2837 1063 ac
2870 1003 2983 1080 tu)

639 1109 820 1170 Pass‚
863 1112 1005 1183 172,
1047 1107 1415 1190 &yweskis
1454 1130 1542 1191 yn
1584 1127 1791 1169 arvow
1832 1104 2064 1185 kepare
2106 1105 2192 1166 Ιια
2237 1105 2345 1167 del
2380 1127 2487 1167 ens
2520 1105 2665 1168 then
2691 1126 2812 1188 ρας
2848 1107 2983 1186 (ar-

639 1212 795 1275 mati
837 1234 1036 1294 aeque
1080 1234 1151 1274 ac
1182 1224 1333 1275 sunt
1362 1214 1441 1275 ad
1471 1212 1738 1292 bellum)
1775 1216 1876 1285 64,
1916 1216 1976 1272 2.
2023 1209 2223 1291 kepar
2252 1210 2338 1273 Ιια
2369 1210 2477 1273 del
2500 1232 2808 1294 wovynny
2844 1211 2980 1290 (ae-

641 1339 764 1400 que
806 1340 878 1379 ae
919 1318 1081 1393 vult,
1118 1328 1192 1380 ut
1232 1317 1398 1398 vult)
1434 1322 1536 1391 39,
1577 1322 1636 1377 3.
1684 1315 1886 1395 kepar
1916 1315 2023 1377 del
2046 1337 2170 1391 υεε,
2207 1316 2406 1397 hepar
2434 1315 2544 1378 del
2565 1338 2637 1378 ve
2669 1318 2774 1396 (ut
2802 1337 2973 1391 eras,

639 1434 714 1485 ut
743 1426 903 1503 erat)
936 1427 1076 1498 192,
1110 1429 1167 1485 1.
1202 1427 1346 1497 247,
1379 1426 1438 1483 2.
1488 1421 1635 1484 Alia
1665 1419 1936 1482 formula
1965 1421 2237 1483 occurrit
2265 1441 2456 1504 maya
2484 1459 2567 1468 —-
2599 1422 2711 1483 del
2724 1448 2746 1483 .·
2778 1442 2979 1503 ’παρα

642 1537 803 1591 town
848 1537 909 1612 ty
956 1527 1065 1590 del
1100 1528 1341 1612 wothye
1382 1530 1539 1608 (tam
1583 1526 1973 1608 profundum
2005 1524 2480 1608 jusjurandum,
2526 1548 2721 1608 quam
2758 1526 2976 1606 scivit)

643 1636 718 1696 P.
760 1640 863 1710 85,
904 1641 964 1695 3.
1010 1655 1199 1716 maya
1233 1633 1334 1695 τελε
1364 1631 1473 1693 del
1496 1631 1680 1713 rebye
1711 1633 1871 1711 (tam
1899 1631 2241 1712 pulchrum
2271 1653 2463 1712 quam
2491 1631 2724 1712 fuerat)
2763 1638 2874 1707 71,
2912 1638 2972 1692 4.

642 1738 907 1819 Legitur
931 1759 1074 1800 mar
1104 1737 1211 1818 (cf.
1241 1723 1474 1799 cambr.
1504 1739 1669 1816 mor)
1692 1758 1806 1818 pro
1837 1758 2024 1820 maya
2052 1735 2122 1799 in
2146 1735 2616 1799 constructione
2639 1735 2972 1818 ecliptica:

640 1864 783 1905 mar
796 1893 802 1898 .
806 1842 926 1924 fol
951 1846 1112 1922 (tam
1154 1840 1358 1916 stulti,
1395 1861 1744 1914 sermones;
1794 1840 1839 1902 i.
1876 1862 1931 1902 e.
1968 1862 2160 1921 quam
2191 1849 2372 1902 erant
2401 1839 2448 1901 ii
2477 1839 2588 1921 qui
2616 1842 2976 1922 prodeban-

640 1949 772 2026 tur)
798 1947 979 2008 Pass.
1018 1953 1157 2022 100,
1190 1951 1249 2006 2.
1302 1946 1447 2006 Lat.
1477 1952 1548 2006 ut
1575 1981 1659 1990 —-
1683 1943 1776 2006 ita
1806 1944 2052 2007 cornice
2082 1944 2366 2006 redditur
2377 1944 2565 2026 faiel
2579 1982 2665 1992 —
2691 1946 2835 2009 del.-
2851 1947 2972 2030 fa-

643 2051 729 2113 tel
764 2073 877 2133 vye
906 2072 1010 2111 am
1043 2051 1331 2113 bewnans
1367 2050 1475 2112 del
1496 2071 1597 2131 yw
1627 2048 1875 2133 scrqus
1903 2073 1991 2133 yn
2024 2049 2277 2134 Zyffrow
2309 2052 2411 2129 (ut
2441 2060 2607 2112 esset
2635 2050 2768 2112 vita
2796 2072 2963 2126 mea,

637 2155 730 2217 ita
774 2154 1081 2237 scriptum
1123 2165 1220 2217 est
1262 2154 1329 2216 in
1370 2154 1575 2236 libris)
1614 2161 1727 2230 73,
1767 2160 1825 2216 2.
1890 2156 2037 2218 Vox
2080 2154 2189 2216 del
2213 2156 2326 2233 (=
2368 2155 2601 2217 cambr.
2654 2154 2836 2231 delw,
2872 2155 2970 2217 hi-

637 2261 816 2322 bern.
854 2260 992 2321 dell>
1008 2261 1070 2341 2³)
1102 2259 1396 2341 primitus
1443 2259 1913 2322 substantivum
1956 2259 2163 2320 elucet
2205 2280 2283 2319 ex
2326 2258 2465 2320 aliis
2507 2258 2830 2323 formulis:
2879 2282 2967 2342 yn

640 2364 870 2439 delma,
905 2387 947 2447 y
989 2365 1180 2439 della,
1216 2387 1304 2448 yn
1336 2364 1603 2426 ketelma
1635 2364 1782 2443 (hoc
1810 2365 2025 2445 modo)
2063 2370 2163 2439 14,
2207 2370 2262 2425 1.
2305 2370 2450 2439 193,
2489 2370 2548 2425 1.
2586 2368 2733 2439 259,
2773 2369 2834 2424 2.
2878 2342 2968 2448 yn

637 2469 867 2533 ketella
898 2471 1145 2549 (eodem
1174 2470 1361 2532 modo
1378 2493 1396 2543 3
1431 2501 1518 2520 =
1545 2490 1633 2550 yn
1663 2468 1810 2530 leeth
1840 2468 1951 2530 del
1973 2471 2106 2549 ma)
2144 2475 2285 2543 170,
2325 2473 2385 2529 2.

808 2575 1136 2638 Armorica
1165 2574 1471 2637 dialectus
1502 2573 2034 2656 comparationem
2063 2571 2216 2635 item
2246 2572 2369 2636 alio
2399 2574 2586 2636 modo
2610 2571 2965 2655 significare

636 2681 967 2743 consuevit
997 2679 1104 2761 (cf.
1141 2702 1356 2762 praep.
1393 2678 1613 2761 equit).

803 2809 869 2869 y.
921 2785 1245 2848 HAGEN
1277 2786 1609 2863 (attamen,
1650 2785 1887 2863 tamen)
1919 2783 2260 2846 cambrice:
2308 2793 2423 2867 nyt
2463 2784 2582 2845 oed
2604 2805 2684 2867 yr
2713 2805 2794 2846 vn
2809 2805 2959 2865 por·

641 2891 865 2954 thawr.
925 2888 1257 2971 Glewlwyt
1291 2888 1662 2969 qauaelawr
1706 2889 1824 2949 oed
1859 2910 1982 2971 yno
2025 2888 2230 2971 hayen
2275 2910 2354 2950 ar
2394 2888 2607 2950 ureint
2631 2886 2959 2969 portkawr

639 2996 800 3074 (non
843 3002 977 3053 erat
1023 2990 1281 3051 omnino
1326 2991 1661 3071 portariuS,
1697 2992 1767 3052 in
1811 2993 1957 3055 aula
1986 2994 2111 3068 A.;
2156 3002 2436 3056 attamen
2468 2993 2553 3055 G.
2589 3004 2725 3055 erat
2764 2993 2852 3055 ibi
2891 2993 2958 3055 in

637 3118 900 3160 munere
929 3093 1216 3177 portarii)
1249 3096 1425 3157 Mab.
1468 3103 1525 3170 1,
1564 3103 1621 3157 1.
1644 3118 1799 3180 pwy
1833 3098 2077 3181 bynnao
2106 3120 2147 3159 a
2176 3119 2380 3186 vynno
2410 3097 2613 3161 ennill
2636 3098 2759 3161 οἷοι
2791 3145 2805 3160 .
2845 3146 2858 3159 .
2891 3098 2970 3181 ef

639 3200 894 3283 aekezff
916 3222 1061 3284 yn0.
1106 3247 1119 3261 .
1157 3198 1430 3284 avynnei
1463 3200 1668 3283 hayen
1713 3200 2201 3285 arbennicrwyd
2239 3202 2384 3265 clod
2415 3225 2491 3265 ao
2519 3211 2740 3286 etmyo.
2773 3224 2952 3285 ywnn

636 3331 678 3391 y
725 3307 806 3369 lle
847 3329 889 3390 y
936 3304 1145 3387 kaffei
1171 3305 1564 3388 (quicunque
1608 3305 1879 3367 voluerit
1917 3305 2180 3387 adipisci
2208 3306 2495 3389 gloriam,
2537 3355 2551 3369 .
2594 3354 2609 3368 .
2652 3354 2666 3368 .
2703 3307 2955 3390 accipiet

639 3435 779 3476 eam
821 3411 932 3487 ibi,
976 3458 989 3472 .
1033 3457 1046 3471 .
1085 3410 1195 3492 qui
1224 3411 1415 3473 vellet
1446 3421 1660 3473 tamen
1688 3410 2036 3493 primatum
2064 3411 2300 3493 gloriae
2331 3421 2395 3473 et
2422 3411 2703 3487 honoris„
2741 3411 2954 3474 scirem

640 3521 875 3593 locum,
912 3515 1023 3577 ubi
1056 3514 1392 3597 acciperet)
1430 3523 1487 3591 1,
1527 3522 1673 3577 284.
1725 3507 1731 3511 ’

811 3619 1155 3684 Cornicum
1185 3619 1378 3702 hujus
1409 3619 1579 3682 vocis
1610 3641 1742 3680 non
1772 3618 1990 3681 inveni
2020 3619 2382 3702 vestigium.

809 3724 1132 3788 Armorice
1163 3725 1521 3787 HOGEN:
1569 3745 1782 3785 mazeo
1825 3732 2044 3788 trnant
2084 3746 2192 3787 ma
2223 3734 2504 3788 emantur
2530 3725 2731 3808 hoyen
2759 3748 2835 3791 vn
2863 3734 2952 3789 tro

637 3855 736 3896 me
773 3831 911 3916 yelo
951 3852 1064 3892 sur
1111 3830 1302 3891 beden
1327 3830 1582 3911 prellat
1611 3830 1866 3910 (misera
1904 3839 1999 3891 est
2029 3851 2159 3892 sors
2192 3852 2352 3906 mea,
2389 3830 2494 3892 ibo
2526 3840 2739 3893 tamen
2770 3832 2949 3896 semel

638 3940 720 4001 ad
748 3936 1128 4020 praelatum)
1162 3935 1333 3996 Buh.
1377 3940 1518 4010 192,
1563 3942 1661 3995 11.
1690 3956 1820 4016 pep
1855 3942 1948 3996 tro
1982 3943 2038 3997 te
2067 3957 2207 3997 vezo
2225 3957 2427 4016 poan.
2470 3983 2485 3996 .
2527 3982 2542 3996 .
2577 3934 2819 4017 hoyuen
2846 3936 2951 3997 doe

637 4066 787 4107 roen
833 4042 919 4105 tir
959 4063 1000 4102 a
1039 4040 1200 4102 miro
1233 4041 1508 4122 (semper
1549 4039 1667 4122 tibi
1708 4040 1828 4102 erit
1869 4040 2065 4115 dolor,
2103 4051 2384 4104 attamen
2426 4041 2582 4102 deus
2619 4031 2737 4101 ⁸rex
2767 4050 2951 4102 terrae

636 4148 931 4223 servavit,
969 4150 1059 4228 te)
1096 4153 1154 4221 6,
1196 4151 1298 4207 25.

812 4261 871 4316 2.
931 4250 1581 4335 conjunctiones
1639 4251 2124 4315 nominales:
2187 4252 2356 4327 mal,
2394 4273 2573 4332 pan,
2627 4251 2947 4334 lle,pryt,

635 4361 889 4424 aehaws
920 4369 1040 4421 etc.

806 4466 998 4529 MAI.
1032 4468 1154 4545 (ut,
1191 4464 1387 4538 sicut3
1436 4461 1684 4525 hibern.
1721 4460 1924 4542 amal)
1956 4461 2265 4525 cambrica
2304 4462 2505 4523 forma
2548 4469 2794 4524 curtata
2825 4460 2948 4543 jam
