3150 5242
586 375 949 419 APPENDDL.
1017 376 1347 420 sesemen
1380 376 1634 419 comcis
1670 376 2026 420 manui-1101
2060 378 2178 420 ML.
2400 357 2560 418 1063

221 525 443 609 scripsi
472 547 613 595 mea
643 547 873 600 manu3
921 546 1038 607 ego
1067 527 1350 602 reddam,
1388 537 1462 589 ut
1496 526 1678 610 [nou]
1714 525 1921 589 dicam
1953 525 2092 602 tibi,
2101 522 2156 560 ²²
2197 527 2367 609 quod
2399 538 2464 589 et
2497 536 2558 589 te

219 631 429 714 ipsum
473 630 634 693 mihi
676 633 889 695 debes.
896 625 951 665 ²³
1011 633 1113 694 Ita
1155 631 1348 697 frater
1359 627 1416 665 ²⁴
1461 653 1581 715 ego
1622 642 1684 695 te
1727 631 1947 699 fruar
1928 653 1996 693 ιιι
2028 632 2321 707 domino;
2371 634 2557 695 refice

219 737 458 800 viscera
503 757 643 800 mea
683 737 757 799 in
796 737 1076 800 domin0.
1085 734 1141 771 ²⁵
1199 738 1545 800 Confidens
1584 732 1667 800 de
1711 737 2070 802 obedientia
2109 749 2221 801 tua
2232 733 2288 772 ²⁰
2333 737 2555 820 scripsi

220 844 355 920 tibi,
386 843 593 907 sciens
623 843 925 926 quoniam
954 854 1019 907 et
1048 865 1238 927 super
1263 841 1330 905 id
1354 844 1525 925 quod
1547 842 1689 905 dico
1712 842 1924 906 facies.
1933 839 1988 877 ²⁷
2034 843 2246 907 Simul
2269 855 2484 907 autem
2499 839 2556 878 ²⁸

214 960 280 1012 et
321 971 480 1034 para
521 949 683 1011 mihi
725 949 1099 1034 hospitium,
1135 970 1288 1011 nam
1329 969 1512 1032 spero
1554 970 1668 1031 per
1713 949 2028 1012 orationes
2060 961 2297 1013 vestras
2329 949 2553 1012 donari

212 1077 314 1117 me
360 1054 564 1118 vobis.
573 1051 627 1090 ²⁹
689 1056 967 1119 SAlutat
1012 1067 1074 1119 te
1119 1055 1452 1138 Epaphras
1497 1055 1906 1137 concaptivus
1952 1076 2135 1118 meus
2179 1055 2249 1117 in
2294 1055 2552 1119 Christo

210 1164 396 1238 Jesu,
403 1157 459 1196 ³⁰
501 1163 781 1238 Marcus,
816 1160 1245 1237 AristarchuS,
1282 1161 1520 1223 Demas
1560 1172 1626 1223 et
1656 1163 1889 1237 Lucas,
1896 1156 1946 1195 ³¹
1991 1160 2310 1245 adjutores
2341 1161 2489 1223 mei.
2498 1155 2552 1195 ³²

212 1268 444 1332 Gratia
475 1266 712 1330 domini
744 1267 947 1331 nostri
973 1268 1013 1330 J
1020 1289 1132 1331 esu
1162 1266 1405 1331 Christi
1435 1289 1584 1330 cum
1613 1266 1844 1350 spiritu
1877 1278 2083 1330 vestro
2114 1290 2322 1331 amen
2331 1262 2387 1301 ²³

547 1609 621 1671 F.
714 1607 1200 1690 Specimen
1264 1608 1794 1690 glossarum
1853 1608 2217 1672 codicis

984 1712 1763 1777 Mediolanensis.

313 1921 372 1982 E
417 1916 930 2001 praefatione
972 1915 1141 1978 divi
1185 1917 1670 2000 Hieronymi
1713 1917 1794 1978 in
1838 1919 2183 2002 psalmos
2218 1921 2453 2004 juxta

527 2022 991 2086 hebraicam
1035 2022 1461 2086 veritatem
1507 2025 1603 2085 ad
1650 2023 2228 2107 Sophronium.

389 2259 534 2323 Scio
551 2257 859 2341 quosdam
873 2267 1098 2338 putare
1114 2255 1484 2338 psalterium
1501 2255 1568 2318 in
1586 2256 1868 2341 quinque
1883 2258 2077 2323 libros
2093 2282 2229 2323 esse
2244 2261 2545 2339 divisum,

208 2380 286 2430 ut
329 2366 695 2448 ubicunque
740 2364 910 2446 apud
957 2362 1365 2445 septuaginta
1404 2361 1783 2445 interpretes
1825 2364 2135 2448 scriptum
2165 2376 2260 2429 est
2293 2363 2547 2450 γένοιτο

209 2470 489 2558 γένοιτο,
517 2470 578 2533 id
605 2480 722 2544 est,
754 2471 867 2531 fiat
887 2469 1022 2544 fiat,
1053 2467 1199 2530 finis
1221 2468 1529 2530 librorum
1553 2468 1659 2545 sit,
1689 2491 1804 2551 pro
1827 2492 1953 2552 quo
1977 2470 2045 2532 in
2071 2474 2369 2536 Hebraeo
2394 2473 2546 2557 legi-

212 2592 319 2643 tur
350 2599 538 2641 amen
568 2596 777 2640 amen.
842 2575 980 2639 Nos
1010 2584 1224 2637 autem
1256 2575 1700 2638 Hebraeorum
1731 2576 2173 2640 auctoritatem
2203 2579 2458 2662 sequuti
2489 2591 2553 2643 et

210 2685 490 2748 maxime
532 2683 986 2766 apostolorum,
1021 2680 1133 2763 qui
1172 2702 1420 2764 semper
1448 2680 1518 2744 in
1548 2703 1715 2744 novo
1748 2692 2131 2746 testamento
2161 2684 2551 2768 psalmorum

209 2791 448 2854 librum
477 2789 834 2863 nominant,
863 2809 1069 2849 unum
1099 2786 1438 2850 asserimus
1470 2787 1862 2869 psalmorum
1891 2788 2214 2878 volumen.
2257 2839 2271 2852 .
2315 2839 2329 2852 .
2369 2792 2549 2875 Moy-

212 2920 310 2960 ses
354 2915 607 2979 quoque
639 2905 702 2957 et
733 2892 1094 2956 Hieremias
1126 2903 1190 2955 et
1219 2891 1412 2955 ceteri
1441 2892 1511 2953 in
1540 2892 1716 2955 hunc
1747 2896 2009 2957 modum
2027 2892 2048 2928 ¹
2092 2896 2329 2958 multos
2362 2896 2549 2959 habe·

104 3085 108 3089 ,
211 3014 354 3066 rent
383 3001 600 3078 libros,
630 3000 741 3083 qui
771 3000 839 3062 in
869 2998 1095 3063 mediis
1127 2997 1560 3063 voluminibus
1594 2999 1729 3062 suis
1757 3021 1944 3063 amen
1974 3000 2336 3084 frequenter
2357 3001 2551 3065 inter-

213 3119 454 3172 serunt.
522 3107 649 3170 Sed
690 3117 755 3169 et
783 3126 1086 3168 numerus
1118 3103 1349 3187 viginti
1377 3105 1652 3166 duorum
1681 3104 2458 3169 librorum‘hebraicorum
2489 3119 2553 3171 et

213 3213 588 3299 mysterium
634 3212 917 3296 ejusdem
957 3209 1210 3273 numeri
1251 3209 1770 3273 commutabitur.
1836 3211 2006 3274 Nam
2049 3221 2114 3274 et
2159 3211 2386 3275 titulus
2418 3212 2552 3297 ipse

212 3320 570 3396 hebraicus,
621 3319 846 3403 sepher
888 3315 1186 3392 tehillim,
1232 3314 1402 3397 quod
1444 3315 1901 3399 interpretatur
1942 3315 2243 3380 volumen
2282 3319 2552 3402 hymno-

212 3450 378 3505 rum,
400 3424 781 3509 apostolicae
803 3421 1167 3488 auctoritati
1190 3443 1571 3505 congruens,
1596 3443 1727 3484 non
1751 3421 1965 3505 plures
1984 3421 2200 3499 libros,
2222 3426 2331 3487 sed
2348 3448 2553 3489 unum

353 3702 418 3754 22
459 3718 516 3751 .1.
558 3698 782 3750 dimach
812 3697 1028 3751 com'cub
1053 3698 1091 3750 1.
1120 3695 1177 3749 in
1201 3696 1528 3750 orationibus
1550 3700 1683 3749 meis
1711 3697 1749 3750 l.
1775 3698 2076 3769 com'epersa
2086 3698 2262 3769 fritso
2286 3698 2471 3768 dliqim
2496 3703 2557 3751 ni

214 3786 331 3839 duit
358 3804 415 3838 .1.
443 3788 505 3837 ni
526 3787 674 3853 epe'er
698 3786 793 3836 εόπ
816 3789 868 3835 et
890 3783 1152 3836 m'airbder
1162 3782 1304 3851 sritt

351 3874 418 3924 23
447 3889 504 3923 .1.
532 3869 794 3937 affecltem
818 3868 937 3921 dom
960 3874 1014 3921 et
1036 3868 1267 3937 dacuqub
1289 3872 1386 3922 sdn
1404 3888 1511 3938 pro
1533 3869 1905 3941 smmffiflione
1921 3870 2033 3923 eius
2057 3869 2170 3923 uiri
2226 3872 2288 3921 24
2315 3872 2434 3922 αιεά
2457 3869 2550 3922 im.

211 3956 395 4009 ωόέσν
407 3973 512 4026 eqo
538 3958 591 4007 ιε’
611 3955 684 4007 rl.
758 3959 840 4008 25
860 3954 1084 4008 isch-lach
1106 3955 1227 4007 dom
1250 3954 1588 4008 aairitiusom

353 4043 417 4094 26
453 4046 544 4093 act
566 4038 821 4093 dorronai
842 4039 1195 4108 corisrissom
1218 4040 1390 4110 doqnd
1410 4058 1462 4109 q.
1493 4039 1609 4093 dieo
1682 4043 1742 4093 27
1774 4038 1863 4093 bid
1882 4043 1969 4093 md
1993 4040 2347 4110 donqenaesiu
2371 4040 2554 4093 oldam

210 4127 454 4196 rosoided
474 4131 631 4179 cacat

352 4217 418 4267 28
455 4211 698 4265 laairitm
723 4211 973 4264 onessimi
1039 4213 1104 4262 29
1143 4228 1200 4263 ..1
1227 4211 1500 4278 rosetarsa
1524 4210 1764 4263 ebarthir
1788 4211 1912 4267 dach
1936 4211 2245 4266 comicuhsa
2270 4211 2454 4265 cucuib

348 4303 416 4353 30
452 4303 661 4351 attaam
691 4297 898 4350 aradii-3
938 4295 1220 4365 icuimriuq
1258 4296 1494 4349 archrist
1634 4299 1693 4348 31
1737 4295 1875 4348 ber-ir
1914 4296 2305 4351 domhomarc
2342 4298 2557 4351 huaidib

212 4384 353 4439 huila·
419 4388 484 4438 32
522 4383 753 4452 {precept
824 4386 886 4435 33
931 4401 986 4435 ..1
1002 4383 1256 4450 fortacht
1281 4382 1359 4434 do}
1384 4381 1457 4434 lib

361 4469 597 4538 (M1.2t¹)
679 4472 801 4522 1..1
829 4469 956 4521 mad
961 4469 1198 4537 soreenn
1224 4466 1383 4520 libmr
1408 4468 1545 4520 nach
1569 4485 1758 4537 maqen
1785 4467 1979 4520 imbeth
2003 4487 2155 4521 amen
2182 4467 2324 4521 indib
