3150 5242
502 361 625 421 712
841 361 960 424 IV.
1002 369 1061 422 4.
1143 382 1557 426 PARTICULAE
1589 384 1972 429 NEGATWAE
2005 388 2481 434 BRITANNICAE.

502 553 585 614 ny
619 530 1046 616 cklywyssynt
1074 531 1309 616 eiryoet
1339 534 1548 617 twryf
1564 556 1606 595 a
1637 534 1887 599 chawat
1913 537 2198 623 kyffilyb
2228 562 2269 624 y
2300 539 2401 602 rei
2425 540 2643 626 kynny
2677 544 2840 624 (non

502 636 876 697 audiverant
917 659 1200 719 unquam
1244 639 1597 701 tumultum
1638 650 1701 703 et
1749 650 2186 724 tempestatem
2234 655 2480 708 tantam
2522 657 2598 709 ut
2642 647 2843 729 hane)

506 742 682 803 Mab.
727 748 782 817 1,
823 746 923 803 23.
992 743 1210 805 Status
1256 765 1677 808 consonarum
1719 748 2123 828 sequentium
2154 750 2460 832 primitivi
2491 752 2591 814 vel
2621 752 2847 816 infecti

504 846 759 927 regulae
805 860 1186 911 memoratae
1219 859 1371 911 sunt
1401 871 1593 933 supra
1625 851 1720 930 (in
1751 852 1896 915 libri
1930 856 1962 916 I
1993 876 2131 938 cap.
2168 856 2241 918 II
2273 856 2441 919 inter
2470 857 2850 921 Britannica

504 954 585 1014 A.
622 953 679 1015 Ι.
722 962 781 1029 7,
820 957 898 1015 Β.
937 956 992 1016 1.
1034 962 1093 1030 5,
1129 956 1299 1018 c.1.
1343 957 1470 1036 11).

672 1061 844 1122 Ante
888 1060 1132 1122 vocales
1179 1071 1275 1121 est
1317 1060 1499 1122 solita
1543 1061 1745 1124 forma
1775 1064 1839 1126 N
1845 1065 1997 1126 YT:
2049 1073 2165 1149 nyt
2200 1068 2321 1129 oed
2338 1068 2691 1151 qyuanhed
2712 1092 2849 1154 yny

497 1188 656 1250 φαεν
686 1166 845 1246 (11011
889 1176 1021 1227 erat
1051 1166 1443 1228 domicilium
1486 1165 1555 1229 in
1600 1172 1865 1248 castro),
1901 1179 2017 1252 nyt
2042 1172 2161 1233 oed
2187 1193 2271 1234 un
2305 1165 2546 1256 llestyr,
2584 1183 2702 1258 nyt
2730 1175 2852 1236 oed

503 1296 589 1334 zm
614 1273 800 1334 dale-n
824 1274 981 1352 (non
1007 1283 1140 1334 erat
1164 1294 1366 1335 unum
1394 1294 1527 1348 vas,
1549 1272 1801 1357 folium)
1821 1276 1996 1336 Mab.
2026 1283 2082 1351 1,
2105 1282 2166 1337 4.
2192 1283 2253 1337 5.
2279 1284 2338 1338 9.
2368 1287 2485 1363 nyt
2503 1278 2847 1362 yspeilwys

501 1387 694 1463 ynteu
736 1377 803 1439 vi
830 1380 988 1453 (non
1034 1376 1328 1459 spoliavit
1371 1377 1504 1459 ipse
1549 1382 1680 1459 me)
1713 1380 1888 1441 Mab.
1933 1387 1989 1455 1,
2032 1387 2131 1442 10.
2180 1390 2296 1466 nyt
2324 1383 2555 1445 attebei
2580 1385 2665 1466 ef
2683 1387 2844 1465 (non

501 1484 922 1566 respondebat
948 1483 1031 1564 is)
1063 1490 1119 1558 1,
1146 1489 1290 1544 267.
1333 1493 1447 1567 nyt
1469 1493 1817 1546 atwaenwn
1843 1483 1871 1545 i
1892 1485 2035 1547 didi
2055 1487 2212 1566 (non
2235 1490 2701 1570 cognoscebam
2726 1511 2845 1572 ego

505 1594 631 1671 to),
667 1598 783 1674 nyt
824 1590 1162 1672 adwaeney
1204 1590 1318 1651 neb
1363 1611 1434 1651 or
1478 1591 1649 1653 teulu
1689 1612 1800 1652 euo
1832 1593 1990 1669 (non
2036 1596 2451 1675 cognoscebat
2497 1594 2732 1676 aliquis
2764 1617 2844 1657 ex

502 1695 755 1777 agmine
779 1696 954 1775 eum)
986 1701 1042 1770 1,
1077 1701 1178 1757 25.
1205 1700 1350 1756 267.
1388 1704 1504 1780 nyt
1524 1717 1557 1755 o
1577 1695 1928 1779 yyuoetheu
1948 1698 2044 1781 yd
2059 1700 2415 1783 ymbortlzei
2435 1703 2595 1780 (11011
2620 1702 2700 1762 de
2724 1701 2842 1762 im-

500 1802 779 1883 perando
810 1799 1081 1881 curavit)
1119 1806 1176 1875 1,
1211 1806 1356 1862 235.
1410 1802 1617 1862 Immo
1647 1801 1917 1863 occurrit
1947 1802 2139 1865 etiam
2169 1815 2317 1866 ante
2348 1827 2690 1868 consonas:
2729 1815 2848 1890 nyt

499 1906 624 1968 reit
671 1905 777 1968 itti
815 1908 974 1985 (non
1026 1906 1451 1968 necessarium
1495 1906 1642 1987 tibi)
1675 1908 1851 1968 Mab.
1894 1914 1951 1983 1,
1991 1913 2051 1968 8.
2093 1913 2194 1970 21.
2252 1918 2368 1993 nyt
2407 1911 2571 1994 velly
2617 1934 2662 1995 y
2704 1933 2849 1974 mae

502 2012 668 2073 iawn
699 2010 777 2073 itt
807 2013 966 2091 (non
995 2010 1087 2073 ita
1118 2011 1234 2073 tibi
1263 2014 1421 2074 bene
1453 2015 1575 2092 est)
1615 2018 1670 2088 1,
1711 2018 1812 2073 25.
1866 2022 1983 2095 nyt
2012 2014 2149 2097 dyd
2173 2012 2376 2077 kediw
2404 2037 2446 2099 y
2478 2017 2594 2078 neb
2625 2039 2670 2100 y
2695 2038 2840 2100 yer-

503 2119 607 2179 det
637 2118 794 2197 (non
838 2115 970 2178 dies
1017 2115 1205 2178 hodie
1249 2117 1438 2179 alicui
1485 2117 1954 2200 proficiscendi)
1993 2125 2048 2193 1,
2089 2123 2233 2180 288.
2301 2119 2602 2202 Subjacet
2643 2121 2841 2183 etiam

500 2233 685 2285 aucta
714 2230 849 2305 nyt,
886 2231 961 2283 ut
991 2230 1123 2296 nat,
1161 2233 1309 2284 ante
1342 2232 1564 2283 tenues
1598 2222 1904 2304 aspir-atas
1938 2225 2030 2305 (p.
2071 2227 2245 2305 211),
2285 2226 2438 2286 dum
2468 2248 2576 2308 ny,
2613 2249 2701 2289 na
2731 2229 2840 2289 de-

501 2310 964 2410 stituentes’(p.
1006 2331 1155 2407 220)
1188 2329 1508 2409 putandae
1540 2338 1694 2389 sunt
1721 2328 2078 2411 primitivae
2108 2330 2366 2391 formae.

671 2435 935 2496 Formae
995 2434 1278 2516 ejusdem
1328 2432 1542 2494 locum
1594 2432 1916 2494 interdum
1970 2433 2254 2497 obtinere
2306 2435 2557 2498 videtur
2607 2437 2830 2500 NYS:

499 2538 864 2625 ackyuarch
902 2539 1097 2623 ywell
1136 2560 1330 2601 aoruc
1372 2536 1488 2600 idi.
1526 2560 1604 2600 ac
1645 2560 1763 2623 πρε
1801 2540 2119 2602 attebawd
2141 2562 2222 2626 yr
2252 2539 2472 2603 iarlles
2505 2540 2843 2623 (salutavit

372 2645 379 2649 ”
499 2669 660 2722 eam,
699 2648 809 2709 sed
854 2668 984 2708 non
1029 2644 1357 2728 respondit
1401 2644 1749 2727 comitissa)
1782 2647 1958 2708 Mab.
2002 2653 2059 2722 1,
2103 2653 2201 2707 18.
2254 2647 2418 2709 wrtlz
2459 2647 2679 2731 kynny
2717 2668 2841 2730 nys

499 2761 816 2815 atwaenat
843 2752 958 2813 neb
990 2772 1063 2812 or
1089 2751 1180 2813 lla
1205 2751 1284 2833 ‘ff
1297 2752 1581 2832 (propter
1603 2750 1722 2812 hoc
1746 2772 1878 2812 non
1902 2752 2198 2833 cognovit
2221 2752 2450 2834 aliquis
2474 2774 2555 2813 ex
2579 2753 2840 2835 agmine

499 2860 674 2939 eum)
712 2866 768 2930 1,
810 2861 912 2918 24.
981 2855 1106 2917 Sed
1147 2856 1227 2916 ob
1271 2857 1650 2937 praecedens
1694 2855 2049 2938 subjectum
2095 2857 2193 2919 vel
2238 2857 2556 2939 objectum
2585 2879 2618 2919 s
2649 2880 2838 2940 saepe

496 2984 848 3048 pronomen
892 2960 1165 3021 infixum
1210 2961 1539 3042 personale
1589 2968 1622 3022 3
1654 2982 1820 3042 pers,
1856 2962 2224 3024 habendum
2267 2972 2364 3024 est
2393 2964 2486 3044 (p.
2527 2966 2715 3045 381):
2768 2984 2841 3024 os

491 3069 728 3153 qallafi
767 3068 853 3130 les
884 3065 977 3128 mi
1004 3087 1078 3127 ae
1102 3064 1349 3147 ¹qwnaf.
1388 3064 1545 3147 astes
1575 3087 1694 3151 nys
1718 3068 1958 3150 qwnaf
1975 3066 2166 3129 inneu
2197 3066 2279 3148 (si
2307 3077 2527 3149 potero
2558 3089 2837 3130 commo-

498 3177 652 3236 dum
682 3172 930 3246 faciam,
960 3170 1434 3233 incommodum
1464 3192 1595 3232 non
1627 3171 1881 3254 faciam)
1909 3173 2083 3233 Mab.
2122 3179 2178 3247 1,
2213 3178 2358 3233 256.
2395 3172 2527 3235 dim
2558 3194 2630 3234 oc
2658 3172 2842 3236 awch
2917 3206 2922 3210 ·

500 3283 584 3344 da
625 3301 742 3365 nys
785 3278 1074 3364 mymmf
1092 3275 1357 3358 (aliquid
1391 3297 1469 3337 ex
1499 3287 1707 3339 vestro
1735 3278 1903 3340 bono
1933 3277 2109 3358 nolo)
2149 3285 2205 3354 1,
2246 3283 2391 3339 272.
2441 3300 2528 3362 ny
2560 3277 2839 3362 chyuar-

496 3387 671 3469 chafi
697 3385 847 3447 well
867 3383 1008 3469 ytti.
1048 3383 1176 3445 kan
1207 3405 1323 3467 nys
1356 3382 1551 3467 dylyy
1585 3385 1744 3462 (non
1775 3382 2061 3445 salutabo
2094 3392 2179 3459 te,
2208 3405 2360 3445 nam
2385 3404 2517 3445 non
2544 3383 2839 3464 mereris)

504 3500 561 3566 1,
600 3496 745 3553 283.
2213 3503 2220 3510 ’

669 3599 720 3660 C
739 3619 820 3658 01·
836 3595 917 3657 ni
934 3616 967 3655 0
984 3616 1021 3656 a
1054 3594 1188 3656 NY
1219 3593 1570 3657 destituens
1596 3603 1932 3676 sequentes
1957 3616 2267 3657 consonas
2287 3617 2311 3656 :·
2337 3617 2424 3679 ny
2445 3595 2522 3679 yl
2539 3595 2662 3656 den
2684 3593 2840 3678 vyth

498 3687 788 3785 amontye
820 3704 980 3781 <non
1009 3708 1220 3782 potest
1249 3698 1343 3760 vir
1373 3721 1659 3781 unquam
1689 3704 2082 3782 computare)
2116 3703 2297 3763 Pass.
2336 3707 2440 3775 40,
2476 3704 2536 3762 2.
2571 3720 2719 3761 mar
2747 3719 2839 3783 ny

494 3810 571 3895 yl
610 3809 714 3871 bos
758 3808 878 3870 ken
909 3805 990 3887 (si
1030 3825 1161 3867 non
1203 3814 1413 3887 potest
1443 3826 1578 3867 esse
1622 3805 1839 3880 aliter;
1876 3837 1963 3857 =
1986 3807 2130 3891 qyl)
2167 3813 2270 3883 57,
2307 3813 2368 3867 4.
2413 3828 2455 3889 y
2485 3825 2590 3866 vos
2621 3803 2843 3888 kyllys

498 3937 582 3999 ny
620 3934 831 3997 vynna
863 3922 1038 3989 (eum
1070 3932 1204 3973 esse
1234 3910 1556 3993 perditum
1585 3910 1821 3991 noluit)
1860 3917 1916 3984 7,
1958 3916 2017 3972 3.
2065 3933 2153 3995 yn
2182 3912 2310 3994 nef
2325 3931 2411 3994 ny
2441 3908 2680 3972 vethitk
2715 3916 2842 3971 tre-

495 4019 597 4102 φὶς
631 4018 726 4098 (in
770 4018 1018 4080 coelum
1053 4039 1184 4078 non
1217 4016 1338 4079 eris
1369 4018 1687 4097 receptus)
1721 4022 1826 4090 46,
1867 4022 1925 4076 3.
1993 4016 2120 4078 Ρ10
2150 4017 2383 4078 eambr.
2419 4022 2555 4099 πρέ,
2591 4035 2712 4098 nys
2743 4012 2840 4074 vi-

498 4127 683 4187 detur
728 4123 1011 4186 obtinere
1040 4123 1271 4185 NYN:
1323 4120 1532 4182 henna
1570 4141 1774 4203 qun-50
1818 4141 1948 4203 ηψπ
1992 4119 2052 4181 io
2071 4142 2237 4205 poys
2269 4121 2417 4199 (hoc
2447 4119 2506 4181 ei
2535 4140 2668 4180 11011
2699 4129 2842 4180 erat

497 4230 863 4309 molestum)
900 4231 974 4291 P.
1018 4236 1117 4302 10,
1159 4233 1218 4287 2.
1286 4225 1386 4288 Cf.
1438 4237 1651 4286 tamen
1693 4224 1943 4288 additae
1969 4247 2035 4308 9,
2073 4249 2179 4309 ny,
2217 4225 2292 4289 πί
2318 4224 2610 4307 exempla
2641 4244 2840 4306 supra
2928 4273 2948 4288 .

498 4339 590 4420 (p.
632 4341 807 4416 537).
2183 4344 2192 4348 ’

666 4443 844 4503 Α1·111
862 4437 1079 4501 orioa
1124 4436 1270 4511 NE,
1308 4445 1449 4517 post
1482 4458 1676 4518 quam
1705 4460 1836 4500 non
1869 4460 2116 4520 semper
2145 4446 2407 4500 notatur
2436 4434 2698 4497 infectio
2728 4435 2843 4494 de-
