3150 5242
569 386 694 449 890
996 391 1118 456 VI.
1161 399 1218 454 1.
1282 412 1730 458 coNsTRuc'rro
1761 412 2051 457 Nomius
2084 411 2464 455 mmmmm.

734 557 1055 624 Videntur
1097 583 1234 625 esse
1279 562 1345 625 in
1390 562 1491 626 his
1530 562 1798 646 vestigia
1828 562 2068 646 proprii
2097 584 2304 639 casuS,
2325 560 2603 625 ablat-ivi
2635 561 2904 638 scilicet,

562 661 674 744 qui
710 664 904 728 etiam
946 668 1411 732 terminationis
1456 669 1740 733 diversae
1781 691 1820 731 a
1864 667 2307 731 terminatione
2351 667 2550 731 dativi
2596 667 2793 731 fuerit
2837 668 2909 730 in

561 768 941 851 quibusdam
971 775 1291 857 primituS,
1327 786 1403 839 ut
1433 776 1500 838 in
1530 776 1757 859 lingua
1785 775 2011 839 latina.

731 900 787 939 c.
830 879 945 940 Ad
947 902 974 963 J
996 881 1209 943 ectiv
1227 903 1365 944 oru
1383 904 1448 944 m
1492 882 1912 966 congruentia
1935 903 2082 943 cum
2107 879 2521 943 substantivis
2545 879 2615 941 in
2637 901 2897 963 genere,
2993 874 3002 879 „

559 1003 826 1046 numero
867 995 931 1048 et
967 1007 1120 1049 casu
1150 998 1245 1050 est
1276 990 1496 1050 eadem
1527 988 1875 1064 hibernica,
1913 998 1988 1050 ut
2017 987 2086 1049 in
2116 985 2257 1049 aliis
2287 984 2551 1068 linguis,
2588 997 2781 1069 atque
2813 987 2906 1049 lo-

558 1109 671 1150 cus
714 1088 783 1151 in
817 1092 1141 1155 communi
1157 1094 1645 1157 ‘constructione
1674 1106 1819 1177 post
1850 1091 2271 1157 substantiva.
2338 1091 2509 1154 Sunt
2541 1102 2760 1154 tamen
2789 1114 2905 1155 no·

484 1208 485 1211 ’
559 1194 753 1257 tanda
797 1200 1108 1279 quaedam
1150 1200 1405 1285 propria
1447 1199 1811 1264 hibernicae
1854 1199 2116 1282 linguae
2157 1197 2226 1261 in
2271 1196 2390 1260 hac
2419 1197 2810 1260 substantivi
2839 1208 2904 1260 et

557 1299 854 1382 adjectivi
883 1304 1315 1370 collocatione.
2821 1374 2828 1379 ,

735 1413 792 1470 1.
858 1409 1265 1492 Adjectivum
1316 1412 1523 1475 omnis
1568 1409 1863 1474 flexionis
1908 1431 2133 1493 expers
2179 1409 2431 1494 saepius
2477 1408 2897 1495 praemissum

556 1511 882 1579 invenitur
923 1519 1346 1600 substantivo.
1414 1520 1600 1581 Haec
1641 1528 1858 1580 autem
1897 1516 2284 1579 constructio
2316 1527 2413 1580 est
2441 1516 2703 1580 nonnisi
2732 1537 2903 1579 com-

555 1619 786 1701 positio
830 1622 1128 1706 adjectivi
1169 1646 1318 1688 eum
1358 1623 1778 1699 substantivo,
1830 1644 2024 1706 quam
2065 1633 2437 1686 consuetam
2476 1644 2613 1686 esse
2656 1621 2905 1705 linguis

555 1726 795 1790 celticis
837 1729 1043 1812 magis
1087 1752 1279 1813 quam
1324 1730 1489 1807 aliis,
1525 1730 1818 1813 exempla
1859 1729 2044 1813 plura
2071 1729 2209 1812 jam
2238 1738 2611 1791 enumerata
2640 1731 2734 1810 (p.
2776 1732 2902 1790 825

553 1841 618 1894 et
651 1838 803 1915 862)
836 1836 1087 1899 docent.
1154 1837 1546 1921 Compositio
1593 1836 1934 1899 statuenda
1976 1845 2094 1911 est,
2144 1835 2435 1918 quamvis
2481 1845 2774 1918 separata
2814 1835 2907 1897 le-

554 1937 729 2020 gitur
758 1951 1029 2024 utraque
1059 1964 1183 2005 vox
1213 1943 1283 2007 in
1314 1943 1635 2007 codicibus
1667 1943 2012 2018 interdum,
2050 1963 2107 2004 e.
2142 1964 2238 2025 gr.
2266 1964 2280 2004 z
2318 1940 2393 2005 m'
2412 1950 2560 2004 artu
2590 1943 2667 2004 πί
2683 1940 2847 2005 nim.
2887 1989 2902 2004 .

555 2066 636 2107 ar
664 2046 807 2108 no'ib
839 2048 1192 2112 brz'atlzraib
1223 2050 1626 2113 rolabrastar
1655 2071 1745 2112 cr.
1777 2052 1936 2129 (non
1967 2047 2240 2112 altitudo
2268 2069 2401 2111 non
2432 2046 2683 2110 coelum
2707 2069 2911 2131 supra

554 2172 732 2216 sacra
772 2155 963 2217 verba
1007 2177 1168 2238 quae
1212 2157 1465 2219 locutus
1509 2166 1607 2218 est
1640 2154 1964 2236 Christus)
1997 2156 2253 2218 Incant.
2292 2155 2434 2237 Sg.,
2467 2174 2582 2236 pro
2618 2174 2699 2216 ar
2727 2153 2906 2216 ubib-

554 2257 933 2323 brz'atkraib.
991 2262 1534 2347 compositionem
1563 2263 1980 2345 comprobant
2008 2259 2370 2324 infectionis
2402 2281 2719 2325 consonae
2752 2261 2908 2324 sub-

552 2364 817 2428 stantivi
846 2366 1212 2450 incipientis
1242 2369 1427 2450 plura
1456 2368 1747 2451 exempla
1779 2370 1872 2450 (p.
1917 2370 2090 2450 198).

722 2472 782 2533 A
823 2473 1148 2536 communi
1202 2475 1424 2557 regula
1461 2473 1941 2558 postpositionis
1986 2471 2443 2556 adjectivorum
2487 2470 2907 2554 excipiuntur

553 2576 863 2660 adjectiva
892 2580 1387 2671 pronominalia:
1426 2580 1623 2645 alaile
1642 2580 1834 2664 juxta
1863 2579 1992 2643 aile
2016 2578 2468 2665 postpositum,
2496 2577 2628 2641 uile
2652 2577 2903 2661 signifi-

553 2705 704 2745 cans
750 2684 865 2748 lat.
902 2688 1126 2764 omnia,
1163 2687 1388 2771 quivis,
1429 2688 1621 2771 juxta
1650 2686 1781 2751 uile
1810 2686 2180 2771 significans
2221 2694 2404 2761 totus,
2439 2686 2610 2768 quod
2640 2696 2904 2769 postpo-

552 2788 730 2852 nitur
758 2801 833 2853 ut
861 2814 1032 2854 mere
1063 2793 1468 2875 adjectivum,
1503 2793 1658 2857 item
1690 2792 1865 2869 each,
1902 2792 2055 2855 each
2086 2796 2199 2856 den
2231 2790 2518 2874 (quivis),
2556 2790 2725 2854 nach
2760 2791 2902 2873 (ali-

552 2895 758 2978 quis);
822 2919 1093 2979 quorum
1150 2898 1441 2962 omnium
1494 2899 1786 2982 exempla
1825 2899 1995 2962 inter
2036 2897 2416 2982 pronomina
2457 2897 2709 2981 prolata
2750 2910 2905 2961 sunt

555 3005 649 3084 (p.
683 3010 803 3065 363
831 3007 982 3087 sq.).
1034 3004 1465 3089 Excipiuntur
1493 3027 1679 3087 porro
1707 3015 1956 3090 praeter
1985 3004 2341 3067 numeralia
2370 3003 2720 3067 cardinalia
2754 3004 2902 3067 sim-

553 3108 746 3191 plicia
789 3109 983 3173 etiam
1026 3110 1338 3175 ordinalia
1379 3110 1601 3174 affinia
1644 3110 1848 3194 magis
1878 3109 2228 3194 adjectivis,
2265 3110 2653 3193 quibuscum
2683 3120 2899 3173 tamen

553 3216 816 3281 omnino
856 3218 1209 3281 concordat
1243 3216 1444 3281 tdnise
1475 3218 1875 3308 (secundus),
1913 3216 2238 3279 interdum
2267 3227 2331 3279 et
2360 3217 2534 3279 ce'tne
2565 3216 2893 3300 (primus),

554 3333 629 3386 ut
659 3325 951 3408 exempla
980 3322 1134 3388 item
1154 3324 1292 3408 jam
1322 3324 1515 3387 allata
1544 3326 1776 3388 docent
1807 3326 1899 3406 (p.
1939 3329 2084 3385 315.
2126 3325 2301 3405 316).

724 3430 1046 3514 Adjectivi
1095 3430 1256 3493 meri
1295 3429 1696 3493 substantivo
1738 3428 2086 3513 praepositi
2122 3451 2270 3491 cum
2313 3426 2589 3491 flexione
2632 3429 2895 3491 unicum

553 3537 937 3619 exemplum·
963 3536 1128 3599 mihi
1167 3535 1440 3599 occurrit
1478 3535 1635 3599 hoct
1685 3534 1843 3599 inna
1888 3535 2117 3598 doercoe
2140 3533 2371 3619 fro'ick
2413 3533 2533 3617 (gl.
2568 3533 2887 3608 vaccinia;

552 3642 597 3705 i.
634 3664 690 3705 e.
726 3644 954 3706 rubrae
983 3642 1213 3725 ericae)
1247 3643 1359 3724 Sg.
1399 3647 1529 3705 49⁸.

727 3755 787 3811 2.
850 3747 1185 3832 Adjectiva
1247 3757 1393 3830 post
1455 3747 1856 3811 substantiva
1906 3746 2159 3810 numeri
2210 3744 2417 3809 dualis
2470 3744 2781 3829 leguntur
2827 3745 2891 3807 in

552 3855 755 3917 forma
798 3854 1064 3937 pluralis
1107 3853 1380 3929 numeri,
1419 3852 1745 3916 hibernica
1784 3864 1859 3916 ut
1898 3852 2231 3916 cambrica.
2299 3851 2617 3934 Exempla
2648 3862 2888 3915 vetusta

554 3960 879 4023 hibernica
920 3960 1072 4023 satis
1112 3972 1314 4023 certa:
1363 3959 1486 4025 etir
1527 3961 1613 4024 da
1656 3959 1876 4023 ἡαίηἱῖι
1918 3958 2209 4023 cosmaili
2236 3958 2430 4041 (inter
2454 3959 2602 4020 duo
2632 3957 2887 4021 nomina

552 4066 813 4148 similia)
859 4066 971 4151 Sg.
1023 4068 1109 4131 da
1152 4064 1372 4130 druitlz
1414 4065 1771 4150 oeyeptacdi
1811 4067 1970 4148 (duo
2012 4064 2275 4129 druidae
2320 4063 2709 4148 aegyptiaci)
2741 4063 2882 4126 Wb.

541 4174 680 4259 jam
710 4196 902 4258 supra
928 4183 1277 4238 memorata
1303 4184 1458 4236 sunt
1489 4174 1583 4255 (p.
1620 4176 1797 4255 278).

727 4290 786 4345 3.
837 4280 1244 4364 Adjectivum
1287 4278 1426 4343 sine
1460 4277 1861 4342 substantivo
1890 4299 2004 4361 per
2033 4299 2101 4342 se
2131 4276 2343 4341 solum
2370 4274 2440 4339 in
2471 4276 2678 4341 forma
2706 4296 2885 4360 gene-

551 4389 639 4453 ris
683 4389 975 4454 neutrius
1015 4389 1154 4450 loco
1184 4385 1570 4450 substantivi
1600 4406 1737 4448 esse
1764 4393 2008 4468 potest:
2057 4382 2522 4451 dutkraccarsa
2547 4380 2885 4447 amaz'thsin

556 4498 733 4579 (opto
774 4498 1018 4560 bonum
1047 4494 1195 4577 hoc)
1229 4493 1379 4556 Wb.
1422 4488 1547 4555 14¹³.
1597 4492 1880 4557 anduh-30
1912 4489 2197 4574 (nigrum
2226 4491 2369 4567 hoc,
2406 4490 2451 4553 i.
2488 4513 2546 4554 e.
2584 4501 2882 4555 atramen-
