3150 5242
702 411 821 473 IV.
864 414 923 471 2.
979 429 1540 474 PRAEPosrnoNEs
1572 429 2045 474 BRITANNICAE.
2412 411 2535 474 627

195 589 256 640 et
296 578 403 641 hic
452 577 735 660 profem,
774 578 1062 660 quamvis
1097 580 1177 644 ob
1208 578 1490 661 ejusdem
1518 600 1747 642 manus
1778 578 2120 642 ruditatem
2150 578 2260 649 vix
2285 580 2533 662 possint

194 684 336 766 legi,
374 683 662 765 qualiter
705 684 999 766 equidem
1039 684 1245 767 legere
1287 705 1548 767 possum
1590 686 1940 748 secundum
1969 683 2200 746 codicis
2230 683 2530 748 imitatio-

193 810 356 864 nem,
396 781 696 851 terminis
727 788 997 871 singulis
1029 790 1331 872 separatis
1362 812 1400 852 a
1427 811 1529 852 me
1559 790 1831 853 lineoliS.
1898 789 2079 853 Prior
2110 789 2282 867 (Lib.
2319 790 2524 853 Laud.

196 892 580 975 Appendix,
630 915 697 975 p.
738 900 894 969 273,
940 917 1039 957 nr.
1093 899 1190 975 6):
1244 896 1641 959 Mormarck.
1695 898 1986 959 tudnred.
2036 901 2076 972 †
2125 895 2395 957 harodes
2446 896 2534 958 ele

191 997 488 1081 yultebrie
533 999 642 1060 do.
687 1006 716 1058 7
762 999 877 1061 sci.
928 999 1128 1062 elivdo
1170 999 1584 1079 (Mormarch,
1638 1000 1957 1063 Tutnerth
2001 1010 2212 1065 testes,
2250 1012 2315 1063 et
2355 1001 2530 1063 dedit

197 1102 529 1184 Eltguobri
580 1104 702 1165 deo
747 1115 813 1165 et
853 1117 1071 1168 sancto
1113 1104 1376 1180 Eliudo,
1427 1104 1665 1167 scilicet
1704 1105 2165 1186 possessionem
2207 1106 2527 1188 pertinen·

199 1217 315 1269 tem
364 1209 448 1270 ad
502 1218 847 1289 sequentes
901 1209 1200 1272 terminos
1221 1215 1269 1291 t)
1321 1211 1394 1273 di
1427 1211 1560 1290 pul
1606 1209 1669 1271 ir
1716 1210 1952 1272 deruen
1989 1216 2023 1286 l
2057 1210 2132 1273 di
2168 1210 2361 1273 cimer
2393 1218 2427 1288 l
2462 1211 2533 1275 di

197 1333 338 1391 aper
348 1311 605 1394 fenrus
630 1319 665 1388 s
686 1311 759 1376 di
783 1313 1061 1376 sermain
1092 1314 1153 1377 ir
1175 1336 1332 1378 caru
1355 1315 1506 1396 (leg.
1539 1314 1846 1389 bermain,
1876 1314 2172 1391 birmain,
2201 1315 2391 1378 hirm.
2415 1318 2478 1397 ?)
2500 1325 2534 1395 l

200 1415 262 1479 di
296 1417 446 1479 bant
488 1415 731 1479 bukine
753 1422 787 1499 s
811 1417 883 1480 di
915 1418 1137 1501 yuveir
1181 1420 1303 1482 hen
1347 1419 1499 1483 lanu
1523 1427 1557 1497 s
1580 1420 1686 1482 dir
1727 1418 1885 1482 hitir
1927 1418 2119 1481 melin
2139 1426 2176 1496 s
2195 1420 2269 1482 di
2307 1442 2525 1504 many-

199 1521 277 1605 3⁶¹?
321 1524 411 1603 (.9)
450 1528 486 1602 s
525 1521 607 1584 di
649 1521 740 1586 rit
783 1523 1040 1608 brinqui
1056 1531 1090 1602 s
1112 1525 1185 1587 di
1224 1546 1378 1605 aper
1417 1525 1559 1588 vsul
1586 1525 1677 1605 (2³)
1701 1529 1733 1605 s
1761 1524 1832 1588 di
1874 1524 2030 1587 licat
2047 1530 2082 1605 s
2108 1523 2180 1587 di
2191 1524 2322 1605 pul
2357 1524 2525 1589 retin

200 1654 220 1687 :
251 1655 270 1690 .-
304 1655 323 1690 .·
344 1634 376 1707 χ’
402 1627 474 1691 di
503 1649 691 1709 aper.
758 1630 1076 1694 Posterior
1106 1632 1199 1711 (p.
1238 1635 1382 1705 274,
1420 1652 1518 1692 nr.
1560 1633 1660 1709 7):
1714 1628 1985 1693 ostendit
2023 1628 2148 1692 ista
2194 1631 2526 1712 conrupsio

199 1732 262 1813 (i.
283 1754 336 1795 e.
365 1733 787 1815 conscriptio)
811 1735 1198 1798 nobilitatem
1220 1735 1478 1799 muinur
1499 1738 1648 1798 med
1665 1736 1759 1816 (19)
1784 1732 2056 1796 diminih
2079 1743 2141 1797 et
2160 1755 2523 1798 mensuram

199 1836 341 1900 eius.
376 1860 537 1920 aper
571 1839 739 1903 imer
757 1848 795 1914 l
816 1839 888 1902 di
925 1839 1308 1923 equidmann
1327 1849 1360 1917 l
1385 1839 1668 1902 ditoldar
1695 1837 1743 1904 Ἷ
1769 1838 2026 1921 quadiu
2062 1839 2251 1902 uelan
2282 1841 2374 1921 (2)
2396 1846 2431 1917 l
2453 1840 2528 1902 di

197 1942 277 2006 rit
302 1944 511 2027 celffin
535 1950 571 2021 s
594 1944 674 2006 di
702 1944 795 2007 lili
826 1944 1024 2007 omivr
1044 1951 1078 2021 l
1099 1945 1174 2007 di
1201 1945 1299 2007 hir
1327 1945 1503 2007 main
1529 1945 1679 2025 (leg.
1709 1942 2013 2018 hirmain,
2042 1944 2122 2007 ad
2145 1945 2411 2028 longum
2431 1945 2520 2007 la·

199 2045 395 2127 pidem
410 2048 463 2130 ἲ)
497 2049 525 2110 i
553 2049 820 2112 bienidi.

355 2153 617 2235 Ubique
657 2175 804 2236 ergo
834 2154 903 2215 in
933 2155 1033 2217 his
1056 2155 1193 2237 jam
1226 2156 1298 2219 di
1324 2176 1451 2237 pro‘
1468 2157 1547 2218 do
1579 2153 1940 2230 vetustiore,
1978 2176 2138 2236 quae
2168 2154 2238 2216 in
2266 2175 2515 2237 compo·

204 2253 326 2318 sitis
370 2259 817 2322 tantummodo
871 2260 1080 2323 adhuc
1126 2269 1380 2324 tenetur
1419 2260 1773 2341 glossarum
1818 2259 2271 2336 vetustiorum,
2321 2281 2378 2322 e.
2414 2280 2511 2342 gr.
2569 2316 2574 2325 ,

206 2359 692 2426 oxoniensium:
742 2363 1252 2445 doyuomisuram
1292 2367 1640 2445 (mensum,
1690 2366 1980 2444 terram),
2026 2363 2519 2447 doyuohintiliat

208 2464 307 2543 (gl.
338 2464 674 2543 inceduus,
710 2467 755 2530 i.
785 2490 839 2530 e.
877 2469 1283 2550 ambulator),
1315 2468 2011 2550 Luxemburgensium:
2051 2470 2516 2551 doyuorennam

210 2567 309 2649 (gl.
340 2571 708 2656 profundo),
746 2573 1154 2640 douorinnom
1185 2574 1300 2656 (gl.
1336 2585 1616 2651 austum,
1653 2574 1697 2636 i.
1733 2596 1789 2636 e.
1826 2573 2145 2652 haustus),
2184 2572 2516 2636 douolouse

208 2673 308 2753 (gl.
342 2676 709 2761 depromis).
772 2680 1044 2762 Jamque
1088 2690 1152 2743 et
1197 2679 1302 2742 hic
1342 2680 1555 2762 prodit
1601 2679 1672 2742 di
1700 2679 1912 2762 glossa
1942 2679 2153 2742 Oxon.
2192 2678 2514 2761 diquolou-

210 2775 410 2844 ichetic
438 2783 784 2865 (proditus,
819 2784 864 2846 i.
901 2806 956 2846 e.
991 2786 1077 2848 ad
1105 2784 1313 2848 lucem
1340 2787 1581 2867 datus).

358 2886 567 2952 Etiam
622 2890 995 2955 armoricam
1042 2889 1449 2954 vetustiorem
1490 2891 1686 2973 hujus
1727 2888 2207 2974 praepositionis
2247 2888 2514 2950 formam

212 2986 317 3052 ΒΟ
354 2990 418 3055 in
456 3015 840 3078 quacunque
878 2995 1191 3079 positione
1222 2997 1587 3077 comprobat
1615 2995 1950 3078 descriptio
1979 2994 2208 3057 finium
2238 2992 2375 3076 agri
2403 3014 2511 3055 cu-

205 3090 434 3172 jusdam
466 3112 723 3165 vetusta
753 3100 1120 3164 chartularii
1148 3100 1618 3176 RhedonensiS,
1656 3103 1806 3164 data
1834 3123 2003 3165 anno
2037 3106 2151 3162 821
2189 3098 2260 3161 in
2287 3097 2511 3180 lingua

211 3201 503 3290 armorica,
553 3206 816 3270 vocibus
857 3204 1074 3269 latinis
1114 3205 1333 3287 paucis
1374 3204 1759 3268 intermixtis
1802 3208 1932 3287 (ap.
1982 3207 2271 3268 Courson
2287 3251 2307 3279 ,
2353 3224 2502 3286 pop.

213 3300 353 3366 Brit.
390 3313 444 3383 1,
477 3332 545 3373 n.
585 3315 732 3391 39):
778 3332 889 3395 eqo
929 3312 1243 3373 Gatweten
1290 3358 1305 3372 .
1346 3357 1360 3372 .
1411 3310 1677 3373 uendidi
1716 3331 1849 3373 rem
1877 3308 2295 3390 proprietatis
2336 3329 2511 3371 meae

120 3493 123 3496 Ι
214 3401 276 3466 id
305 3418 390 3474 eet
427 3415 502 3476 de
530 3417 689 3479 Rau
733 3415 1044 3478 riantcar.
1086 3462 1100 3477 .
1142 3462 1157 3476 .
1173 3415 1384 3498 finem
1429 3414 1664 3477 habens
1712 3437 1752 3478 a
1775 3415 1925 3498 fine
1967 3436 2088 3476 ran
2131 3413 2341 3477 melan
2385 3414 2509 3475 don

212 3510 341 3573 rocla
373 3516 446 3576 do
458 3519 878 3600 fosmatuuor
907 3519 1107 3584 cokito
1120 3520 1239 3603 fos
1271 3522 1349 3585 do
1379 3519 1613 3583 imboir
1640 3520 1813 3583 ultra
1842 3517 2073 3582 imboir
2088 3539 2216 3600 per
2246 3518 2506 3582 lamnam

213 3610 279 3673 do
299 3616 430 3696 fois
448 3622 561 3703 fin
600 3627 733 3688 rad
772 3623 1037 3707 dquion
1081 3625 1378 3707 dofinran
1420 3623 1772 3688 kaelmorin
1804 3622 2050 3686 cohiton
2080 3622 2369 3706 kifosan
2401 3623 2506 3684 do-

216 3720 413 3801 rudfos
443 3728 713 3793 coibiton
741 3728 970 3811 rudfos
987 3751 1114 3811 per
1145 3730 1405 3794 lamiam
1436 3728 1733 3813 dofinran
1759 3727 2047 3792 loudimc
2063 3735 2227 3809 pont
2246 3724 2499 3790 imkoir.

216 3818 629 3897 Haeldetuuid
652 3834 910 3915 scripsit
937 3835 1341 3914 (verbotenus
1372 3834 1495 3898 ita:
1533 3856 1572 3897 a
1600 3835 1729 3896 fine
1758 3832 1978 3916 partis,
2014 3831 2222 3907 sortis,
2259 3830 2505 3895 Melani

217 3923 285 3984 ad
317 3948 531 4011 rocam,
566 3938 649 4002 ad
689 3937 919 4003 fossam
967 3938 1272 4014 Matuori,
1304 3940 1659 4002 secundum
1700 3938 1932 4004 fossam
1976 3938 2058 4000 ad
2099 3936 2323 4018 ripam,
2359 3936 2404 3999 i.
2439 3958 2495 3999 e.

216 4024 397 4097 rivum
427 4038 591 4104 ultra
620 4042 823 4123 ripam
852 4063 965 4124 per
993 4043 1254 4108 lannam
1284 4045 1365 4106 ad
1393 4044 1628 4108 fossam
1656 4045 1854 4107 finem
1881 4040 2078 4125 partis
2111 4041 2392 4118 Dofioni,
2422 4043 2503 4105 ad

218 4127 385 4198 finem
423 4145 612 4221 partis
642 4146 1069 4223 Haelmorini,
1107 4150 1458 4212 secundum
1488 4169 1638 4213 eum
1667 4149 1747 4213 ad
1775 4147 2100 4222 fossulam,
2135 4147 2217 4208 ad
2245 4148 2502 4212 rubram

214 4229 434 4319 f⁰⁸⁸³2¹112
477 4252 827 4318 secundum
876 4253 1132 4318 rubram
1182 4253 1415 4315 fossam
1463 4274 1577 4334 per
1626 4252 1888 4316 lannam
1937 4252 2018 4313 ad
2067 4252 2263 4313 finem
2303 4248 2499 4330 partis

217 4332 531 4416 Laudinoci
582 4357 666 4423 ad
716 4365 978 4438 pontem
1018 4356 1224 4440 ripae3
1274 4379 1386 4439 pro
1428 4359 1555 4419 rad
1590 4356 1856 4440 dofhion
1900 4355 2243 4437 legendum
2282 4352 2503 4434 procul

216 4437 380 4512 dubio
405 4472 520 4519 ran
547 4461 669 4541 d.).
738 4460 916 4529 Quae
945 4461 1289 4544 descriptio
1318 4462 1388 4530 in
1417 4461 1543 4528 alia
1570 4462 1812 4538 charta,
1848 4462 1996 4524 data
2031 4481 2090 4591 ass
2131 4461 2276 4531 824,
2309 4456 2507 4520 etiam

1955 4566 2034 4619 40
