3150 5242
1126 1452 1585 1552 LIBER
1674 1409 2376 1568 QUINTUS:

1616 1723 1876 1731 ’.φ-ψ..

654 1870 810 1949 DE
872 1867 1684 1952 DERIVATIONE
1747 1872 1891 1951 ET
1954 1869 2839 1954 COMPOSITIONE.

755 2117 959 2180 Voces
1001 2115 1321 2199 simplices
1360 2116 1536 2178 omni
1563 2117 1838 2181 flexione
1868 2129 1932 2180 et
1963 2119 2138 2180 omni
2168 2119 2409 2202 syllaba
2438 2120 2784 2183 accessoria
2812 2143 2902 2183 ca-

584 2232 816 2297 rentes,
846 2242 1105 2283 sensum
1130 2231 1344 2284 tamen
1368 2210 1822 2303 significantes,
1852 2223 2165 2286 elementa
2185 2224 2659 2300 vocabulorum,
2680 2225 2903 2307 quibus

584 2327 790 2390 omnis
822 2326 1044 2408 lingua
1073 2337 1342 2403 constat,
1371 2327 1664 2409 cognitae
1694 2310 1980 2390 radicum
2007 2329 2110 2391 vel
2136 2350 2366 2392 vocum
2394 2328 2769 2391 radicalium
2800 2351 2905 2392 no-

582 2432 778 2508 mine,
814 2432 885 2493 in
928 2430 1166 2493 celticis
1207 2431 1446 2514 linguis
1488 2433 1958 2515 monosyllabae
2001 2432 2441 2508 inveniuntur,
2475 2443 2551 2495 ut
2586 2432 2658 2495 in
2688 2435 2904 2497 ceteris

584 2536 822 2624 linguis
869 2536 1191 2598 affinibus.
1271 2535 1604 2619 Ejusmodi
1648 2538 1919 2620 syllabas
1961 2537 2265 2600 radicales
2301 2538 2439 2620 jam
2481 2559 2594 2621 per
2633 2559 2699 2600 se
2747 2540 2908 2603 solae

583 2644 830 2707 vocales
873 2642 1119 2704 efficere
1159 2652 1451 2724 possunt,
1489 2642 1719 2724 quibus
1763 2642 1813 2704 si
1846 2643 2156 2705 accedunt
2184 2645 2264 2706 ab
2293 2654 2562 2725 utroque
2589 2644 2786 2707 latere
2814 2645 2909 2707 vel

585 2769 716 2811 una
762 2768 1040 2811 consona
1080 2746 1183 2808 vel
1222 2748 1386 2808 duae
1426 2767 1771 2822 connexae,
1809 2769 1934 2828 quo
1977 2750 2147 2809 fiunt
2173 2748 2725 2812 numerosissimae
2754 2749 2909 2813 radi-

586 2874 710 2927 ceS‚
747 2852 845 2914 vel
884 2850 1083 2913 etiam
1125 2860 1272 2925 treS,
1310 2872 1435 2932 quo
1478 2851 1806 2933 pauciores
1844 2851 2159 2929 oriuntur,
2195 2852 2468 2915 discerni
2487 2864 2769 2935 ‚possunt
2796 2854 2909 2916 for-

587 2957 798 3019 mulae
828 2956 929 3018 vel
959 2956 1189 3017 classes
1219 2955 1505 3017 radicum
1533 2954 1676 3017 hae.

757 3061 817 3122 1.
885 3059 1034 3124 Sola
1074 3059 1306 3122 vocalis
1350 3058 1626 3122 radicem
1663 3060 2092 3124 constituens:
2130 3083 2195 3137 a,
2231 3084 2263 3123 e
2294 3065 2550 3145 (pronn.
2584 3066 2907 3145 possess),

590 3170 622 3229 ἒ
653 3165 821 3247 (ire),
859 3170 892 3227 ὁ
925 3168 1054 3247 (ex,
1091 3168 1179 3246 a),
1216 3187 1302 3228 aa
1333 3165 1610 3247 (nepos).
2901 3163 2904 3166 ’

762 3271 856 3332 ΙΙ.
922 3268 1132 3333 Unica
1173 3290 1451 3333 consona
1488 3268 1832 3331 inchoans:
1882 3291 2001 3345 me,
2049 3292 2172 3346 mo,
2210 3272 2314 3347 do,
2352 3280 2419 3335 tu
2461 3272 2911 3354 (pronomina),

573 3385 718 3463 ma,
754 3375 848 3450 ni,
880 3396 988 3448 na,
1026 3374 1104 3434 do
1133 3374 1560 3456 (particulae).

761 3480 894 3542 III.
959 3477 1170 3541 Unica
1199 3499 1478 3541 consona
1505 3478 1768 3541 finiens:
1807 3478 1880 3541 al
1904 3479 2152 3560 (alere),
2186 3502 2268 3564 aq
2299 3480 2576 3562 (timere)
2608 3492 2731 3545 etc.

763 3585 883 3666 IV.
950 3582 1160 3647 Unica
1210 3604 1488 3646 consona
1539 3583 1847 3646 inchoans
1900 3594 1965 3646 et
2015 3584 2281 3648 finiens:
2342 3587 2449 3649 ber
2502 3587 2741 3667 (ferre),
2778 3607 2913 3670 yar,

594 3694 796 3772 (vox),
818 3711 954 3771 par
985 3690 1283 3770 (parare),
1320 3696 1428 3750 cat
1453 3690 1751 3770 (pugna),
1788 3688 1919 3752 dan
1952 3689 2314 3773 (oppidum)
2346 3702 2467 3754 etc.

761 3796 845 3858 V.
910 3795 1095 3856 Duae
1125 3813 1436 3856 consonae
1467 3793 1873 3856 inchoantes:
1915 3795 2004 3857 tri
2030 3798 2237 3875 (tres),
2276 3805 2369 3860 tre
2399 3799 2566 3879 (per)
2597 3805 2721 3858 etc.

762 3900 883 3962 VI.
948 3900 1133 3961 Duae
1176 3919 1488 3962 consonae
1522 3898 1854 3962 finientes:
1907 3900 2034 3976 alb,
2070 3902 2180 3982 alp
2213 3904 2473 3982 (mons),
2510 3900 2625 3962 arb
2658 3899 2916 3981 (heres),

591 4007 719 4071 ard
746 4005 969 4087 (altus)
1000 4012 1121 4070 etc.

764 4110 922 4172 VII.
988 4110 1172 4172 Duae
1217 4130 1529 4172 consonae
1572 4108 1851 4172 initiales
1896 4132 2043 4172 cum
2088 4110 2278 4174 unica
2315 4109 2527 4172 finali:
2577 4110 2735 4185 bret,
2785 4110 2928 4172 brat

595 4213 992 4299 (judicium),
1031 4214 1170 4296 briq
1202 4213 1454 4295 (valor),
1493 4212 1627 4296 dliy
1659 4215 1963 4297 (debere).

761 4320 959 4383 VIII.
1027 4317 1237 4382 Unica
1281 4338 1557 4380 consona
1601 4317 1910 4383 inchoans
1939 4318 2105 4383 ‘cum
2147 4320 2393 4383 duabus
2440 4301 2916 4382 terminalibus:

589 4448 735 4508 very
768 4425 1073 4506 (efficax),
1112 4423 1251 4485 delb
1285 4423 1568 4504 (figura),
1609 4424 1753 4507 dely
1785 4424 2089 4505 (candele,
2126 4422 2537 4507 comparatio)
2570 4433 2691 4486 etc,
