3150 5242
1271 316 1659 393 ADDENDA.¹
2182 334 2185 341 “
2448 331 2609 389 1141

278 504 346 566 S.
390 503 661 565 Findani
706 502 773 564 in
819 502 1033 565 codice
1063 500 1482 583 bibliothecae
1515 482 1790 562 civitatis
1825 497 2260 580 sangallensis
2293 499 2614 579 (Goldasti

277 609 508 692 Script.
544 630 664 670 rer.
701 608 1023 701 alamann.
1063 621 1215 670 tom.
1260 615 1316 680 1,
1354 631 1419 690 p.
1461 613 1618 679 2053
1656 606 1737 668 cf.
1779 607 1983 667 Pertz.
2025 612 2086 679 5,
2129 607 2311 685 231):

433 709 839 776 “Reclusum
868 711 1006 795 jam
1039 735 1187 775 cum
1219 722 1399 775 tanta
1428 713 1627 774 fames
1662 732 1812 773 eum
1841 720 2115 793 urgeret,
2153 720 2226 772 ut
2255 733 2486 795 panem
2519 722 2611 774 to-

274 832 411 883 tum
460 830 522 881 et
564 820 710 902 plus
755 820 1140 882 manducare
1185 820 1377 881 vellet
1421 819 1490 880 in
1534 817 1748 880 natale
1795 818 1861 879 S.
1915 816 2199 892 Patrieii,
2248 839 2408 899 quae
2457 829 2612 880 tunc
2726 866 2731 871 .

270 926 429 988 forte
473 928 835 1001 advenerat,
872 927 1063 987 deum
1109 925 1330 987 sedulo
1373 924 1644 1006 rogavit,
1679 934 1754 986 ut
1784 922 2225 1006 hujuscemodi
2255 923 2610 1006 ingluviem

269 1031 469 1114 ipsius
512 1030 876 1093 interventu
907 1054 944 1093 a
976 1054 1041 1093 se
1074 1031 1368 1093 auferret.
1437 1029 1568 1096 Qui
1600 1050 1750 1090 mox
1779 1039 1923 1111 post
1954 1028 2303 1091 orationem
2335 1040 2399 1091 et
2429 1029 2607 1091 lacri-

268 1158 427 1212 maS,
459 1158 614 1218 quas
644 1135 1222 1220 incomparabiliter
1253 1135 1444 1198 etiam
1467 1135 1537 1196 in
1559 1133 1807 1197 levibus
1830 1134 2019 1196 rebus
2048 1134 2313 1196 fundere
2339 1135 2602 1209 solebat,

271 1243 393 1304 tale
425 1243 753 1304 oraculum
783 1263 933 1303 aure
963 1241 1245 1324 percepit
1274 1240 1528 1324 propria
1554 1240 1777 1322 lingua
1801 1239 2152 1323 prolatum:
2190 1240 2430 1303 Ataiclc
2455 1241 2611 1305 crist

268 1372 413 1412 ocus
444 1349 667 1432 patric
714 1347 1060 1411 artmacke.
1094 1347 1599 1432 farnaseiltdm
1629 1345 1885 1409 nakisel
1913 1345 2286 1409 teilbruchir
2319 1355 2448 1410 tart
2477 1346 2611 1409 doit

269 1455 446 1519 teilco
479 1453 877 1539 ilfarkysel.
944 1455 1029 1516 Et
1058 1476 1137 1516 ex
1168 1453 1288 1517 hoc
1320 1451 1648 1515 edacitatis
1681 1451 1910 1513 vitium
1938 1452 2203 1515 minime
2234 1445 2499 1514 sensit.''

436 1562 540 1623 Ita
569 1559 739 1621 edita
770 1560 1092 1641 leguntur,
1124 1561 1234 1622 sed
1263 1560 1428 1621 male
1459 1568 1613 1621 sunt
1643 1556 1877 1640 scripta
1906 1557 1974 1619 in
2000 1558 2214 1620 codice
2237 1559 2337 1620 vel
2362 1559 2605 1622 reddita

264 1668 573 1748 quaedam
618 1665 756 1727 sine
800 1665 1018 1742 dubio,
1055 1677 1129 1728 ut
1172 1665 1239 1726 in
1281 1664 1423 1728 aliis
1455 1664 1791 1727 sententiis
1824 1663 2075 1726 scoticis
2107 1663 2344 1727 ibidem
2374 1665 2599 1741 obviis,

263 1786 326 1834 et
368 1773 509 1834 ideo
555 1773 841 1833 obscura.
910 1772 1226 1854 Equidem
1257 1772 1522 1854 corrigo,
1561 1783 1636 1833 ut
1679 1772 1941 1853 prodeat
1983 1770 2212 1852 aliquis
2258 1792 2505 1848 sensuS,
2542 1781 2606 1833 et

263 1880 591 1960 distinguo
625 1877 692 1938 in
724 1900 942 1940 versus
972 1878 1098 1939 ita:

657 2018 871 2075 Ataz’ch
904 2017 1044 2075 crist
1071 2038 1200 2074 ocus
1219 2017 1417 2091 patric
1448 2010 1469 2096 ΙΙ
1504 2018 1812 2086 artmache,
1851 2018 2109 2094 amaseil
2136 2024 2253 2075 tdm

601 2193 606 2199 ι
658 2141 733 2203 pa
765 2121 919 2189 loisel,
943 2120 1071 2197 scil
1098 2120 1266 2177 brath
1298 2119 1480 2175 intart
1510 2112 1530 2199 Η
1565 2119 1705 2188 doit,
1728 2119 1856 2196 seil
1881 2120 1997 2176 coil
2023 2114 2253 2196 inky'sel.

430 2254 507 2314 P.
548 2260 694 2326 934,
732 2252 776 2313 l.
819 2257 920 2312 26.
986 2251 1246 2313 Fimzdn
1278 2283 1364 2301 -—-=
1395 2248 1658 2329 Finddn
1704 2271 1785 2311 ex
1825 2251 1951 2332 adj.
1980 2251 2147 2332 find
2185 2251 2474 2332 quamvis
2507 2263 2604 2332 est

257 2360 552 2441 frequens
607 2357 726 2418 viri
778 2378 1045 2431 nomen,
1095 2357 1312 2417 eadem
1361 2367 1572 2416 tamen
1620 2378 1772 2417 voce
1818 2356 2010 2418 etiam
2059 2356 2298 2419 animal
2343 2356 2601 2438 aliquod

256 2463 690 2545 significatum
731 2462 931 2524 videri
973 2463 1194 2543 possit.
1265 2463 1379 2523 Est
1422 2460 1596 2522 enim
1640 2463 1750 2524 -dn
1784 2461 2146 2524 terminatio
2179 2462 2594 2536 deminutiva,

255 2582 319 2634 et
350 2592 453 2653 ap.
485 2568 649 2632 O’R.
688 2567 1239 2652 inveniturfiomz,
1271 2588 1481 2642 vacca,
1512 2565 1667 2629 item
1678 2568 2035 2652 fiacffionn,
2067 2568 2415 2652 capreoluS.
2472 2563 2597 2631 Sed

254 2677 397 2760 quis
427 2675 582 2737 certi
612 2676 857 2758 aliquid
888 2675 992 2738 hic
1023 2673 1358 2738 statuerit?

428 2784 504 2844 P.
537 2787 683 2856 937,
719 2781 764 2842 l.
803 2788 901 2842 16.
953 2780 1255 2844 Carmina
1285 2777 1624 2842 Ossianica
1654 2778 1904 2860 saepius
1935 2790 2180 2841 rectum
2212 2780 2598 2862 syllabarum
2697 2827 2717 2832 .-

249 2908 592 2948 numerum
622 2886 896 2948 offerunt
939 2908 1109 2961 eum,
1148 2906 1339 2967 quem
1380 2885 1730 2945 ostendunt
1769 2894 2021 2946 vetusta
2051 2884 2379 2948 hibernica
2410 2885 2595 2947 metri

250 2992 620 3067 usitatioris,
659 3013 714 3053 e.
751 3013 846 3073 gr.
884 3013 1138 3053 carmen
1168 2989 1549 3072 inscriptum
1572 2988 1947 3071 Fionnyhal
1978 2997 2035 3063 5,
2070 2994 2189 3050 428
2220 3012 2313 3073 sq.
2368 2991 2597 3070 (ana

257 3097 475 3159 Oisein
506 3096 674 3159 mkt'c
706 3096 948 3172 Fkiuu,
984 3095 1348 3158 Dan-eidin
1385 3098 1572 3168 1818,
1609 3116 1675 3176 p.
1719 3097 1899 3175 182):

248 3236 480 3294 Shuidh
518 3229 665 3292 Gall
690 3257 830 3310 aqus
868 3236 1068 3293 Oisian
1103 3237 1254 3294 thau
1281 3229 1302 3316 ΙΙ
1336 3234 1532 3322 maille
1561 3232 1621 3289 ri
1648 3234 1881 3289 Suaran
1914 3255 2029 3290 nan
2064 3243 2197 3292 tonn

248 3338 365 3396 Air
397 3337 634 3394 brunia-la
658 3337 883 3395 Ιηὶόαίν
916 3336 1139 3395 b'uaine
1167 3335 1410 3411 snuayh,
1453 3328 1474 3414 ΙΙ
1511 3335 1717 3392 bhuaae‘l
1741 3334 1826 3390 mi
1851 3355 1886 3390 a
1910 3336 2207 3393 chldrsaclz
2233 3338 2408 3395 dha'n
2432 3338 2587 3413 riqh.

247 3440 382 3497 Bha
417 3440 631 3496 ’mhala
662 3440 861 3496 o’nstr‘z
876 3442 955 3516 fo
981 3432 1339 3518 91ινααίυι,ἸΙ

248 3572 375 3634 Sed
407 3581 762 3651 sequuntur
791 3591 942 3631 mox
971 3570 1251 3632 membra
1281 3567 1382 3631 vel
1414 3589 1630 3629 versus
1657 3570 2038 3649 (secundum
2071 3568 2416 3632 editionem
2445 3592 2591 3652 gae-

244 3678 486 3757 licam),
523 3675 592 3738 in
634 3675 865 3758 quibus
896 3674 965 3736 in
994 3677 1125 3737 fine
1156 3682 1419 3757 apparet
1449 3672 1692 3756 syllaba
1722 3672 1984 3736 minoris
2017 3686 2315 3738 accentus
2346 3685 2591 3738 rectum

245 3804 587 3846 numerum
618 3782 961 3844 excedens:

1054 3890 1389 3948 thiondaidh
1422 3910 1449 3946 e
1481 3888 1914 3963 ’dhearq-sloez'cil
1938 3889 2029 3947 air
2059 3889 2242 3960 Lbna,

246 3996 382 4053 Bha
423 3996 480 4052 ’n
522 3992 828 4068 qaisyeach
853 3996 933 4069 fo
976 3991 1198 4049 bhbudh
1240 4011 1340 4048 mu
1379 3991 1647 4065 shluaqh.
1691 3983 1710 4070 ss
1752 3989 1907 4065 Tlcoq
1940 3992 2025 4048 mi
2050 4013 2142 4049 mo
2171 3994 2466 4051 chealladh
2500 3993 2592 4049 air

1828 4131 1849 4150 .
1911 4092 2163 4163 Cromla,

245 4184 311 4240 Is
342 4179 625 4238 chunnaic
653 4181 738 4236 mi
764 4180 1092 4237 mbr-mbae
1123 4179 1357 4264 Shbsna.

419 4311 552 4374 Hic
597 4311 665 4372 in
714 4311 971 4373 vocibus
1001 4312 1209 4385 Le'na,
1249 4309 1532 4384 Cromlzz,
1575 4308 1809 4371 Skema
1856 4308 2067 4370 finalis
2106 4329 2147 4369 a
2191 4307 2439 4369 excedit
2469 4330 2587 4370 nu-

244 4440 493 4483 merum
525 4417 913 4500 syllabarum
944 4416 1228 4490 solitum,
1265 4425 1327 4476 et
1357 4414 1425 4476 in
1459 4436 1606 4477 mox
1640 4414 2054 4495 sequentibus
2089 4435 2215 4488 -ar,
2254 4413 2401 4477 -ack
2430 4415 2589 4476 fina-
