3150 5242
619 367 734 429 VI.
774 371 832 429 2.
880 374 1340 432 'cons‘rntscrlo
1371 389 1649 431 Pom-Im
1689 389 2084 431 mssssnch.
2392 367 2517 428 927

230 535 235 618 Ι
263 538 419 611 pauli
471 533 492 619 ΙΙ
560 534 568 620 Ι
607 548 808 600 unctus
846 539 856 616 Ι
895 541 1160 600 iohannis
1205 536 1226 623 ΙΙ
1268 543 1430 619 fides
1470 538 1478 624 Ι
1518 542 1762 600 abr-acho
1815 536 1835 623 ΙΙ
1905 541 1916 617 Ι
1953 550 2187 601 sanctus
2239 540 2250 616 Ι
2286 549 2519 599 sanctus

229 635 470 719 {sanctus
502 634 522 722 ΙΙ
593 635 601 722 Ι
640 642 899 702 dominus
938 644 948 720 Ι
985 644 1124 703 deus
1163 644 1173 721 Ι
1210 645 1467 704 sabaoth.

372 775 663 859 Singulas
707 778 1050 861 positiones
1094 779 1383 843 discerno
1420 789 1496 842 ut
1525 778 1676 842 alibi
1707 770 1962 861 singula
1991 778 2275 842 membra
2303 798 2521 840 versus

225 880 379 963 signo
410 881 428 966 ΙΙ
466 930 480 943 .
544 883 626 945 In
669 883 1089 968 positionibus
1137 886 1365 949 collum
1414 884 1712 950 temathei
1739 883 1760 970 ΙΙ
1795 907 1966 947 mens
1998 882 2314 946 beniamin
2345 901 2520 966 prae*

222 996 301 1047 ter
334 988 582 1050 finalem
627 1010 759 1051 -um
803 990 1063 1053 nonnisi
1104 992 1281 1054 adest
1321 991 1532 1054 media
1568 989 1935 1054 assonantia
1963 988 2274 1071 incipieus
2304 987 2453 1050 inde
2483 1010 2521 1050 a

220 1093 447 1155 nomine
476 1094 841 1171 salomonis,
886 1086 1064 1178 quae⁸
1079 1098 1298 1158 eadem
1330 1097 1521 1160 etiam
1542 1096 1680 1179 jam
1709 1095 2030 1179 praecedit
2059 1095 2127 1157 in
2142 1095 2346 1178 frons
2376 1115 2521 1155 nas-

219 1197 378 1260 st‘um.
441 1199 684 1262 Positio
708 1200 888 1283 fides
934 1181 1205 1264 abrache
1247 1224 1360 1285 per
1401 1224 1466 1264 se
1509 1201 1849 1283 singularis
1896 1222 2025 1263 non
2072 1199 2314 1271 habens
2353 1218 2519 1260 asso·

218 1304 472 1366 nantiam
518 1306 839 1388 superflua
882 1306 1083 1369 videri
1125 1307 1347 1389 possit,
1375 1306 1675 1390 jungitur
1713 1318 1922 1369 tamen
1955 1304 2219 1367 ineunte
2249 1286 2521 1365 vocali⁰a

217 1409 461 1472 nominis
500 1410 744 1493 proprii
789 1421 853 1474 et
896 1424 1170 1474 exeunte
1203 1435 1294 1475 -es
1325 1411 1618 1483 vocabuli
1627 1412 1805 1495 fides
1836 1433 1983 1474 cum
2015 1409 2429 1493 praecedente
2460 1418 2525 1469 et

217 1526 488 1596 sequente
518 1518 889 1580 assonantia
918 1517 1152 1580 initiali
1181 1518 1496 1580 vocalium
1527 1528 1592 1580 et
1621 1517 1801 1579 finali
1833 1516 1938 1592 -is,
1976 1537 2102 1577 -usu
2123 1513 2158 1547 ¹*

361 1622 749 1685 Praecedens
791 1622 1058 1686 latinam
1100 1623 1374 1685 formula
1411 1623 1662 1686 brevior
1705 1619 2031 1684 hibernica
2070 1628 2291 1682 contra
2320 1628 2524 1680 stran-

212 1724 431 1805 gutiam
460 1728 763 1811 (arqalar
786 1729 1043 1812 fuaz'l),
1083 1739 1158 1791 ut
1198 1731 1381 1792 docet
1421 1727 1753 1812 inscriptio
1798 1738 1863 1789 et
1905 1723 2307 1808 subscriptiO,
2356 1744 2523 1786 asso-

213 1841 410 1894 nantes
439 1833 636 1896 habet
666 1834 912 1897 vocales
942 1845 1007 1898 et
1037 1837 1102 1899 d.

353 1954 363 2030 Ι
398 1956 786 2014 Dumesurcsa
824 1958 835 2034 Ι
873 1948 1180 2033 dianqalai
1207 1962 1267 2035 f
1272 1954 1279 2038 Ι
1296 1955 1477 2014 udilse
1513 1954 1523 2031 Ι
1563 1954 1861 2013 danes-aire
1899 1956 1909 2032 Ι
1949 1960 2017 2013 bu
2056 1949 2065 2037 Ι
2107 1959 2162 2012 bt
2197 1948 2207 2035 Ι
2248 1954 2523 2012 dunewa-

211 2063 292 2111 rat
323 2051 330 2136 Ι
367 2063 490 2115 bum
528 2054 538 2139 Ι
578 2059 823 2117 έοῖαἱίΙιί
859 2055 867 2141 Ι
906 2061 1104 2117 admai
1137 2060 1148 2135 Ι
1189 2060 1413 2120 ibdach.

361 2189 442 2249 In
464 2188 731 2272 fudilse
763 2192 1011 2273 (aquae,
1049 2189 1272 2251 urinae
1301 2192 1503 2271 meae)
1518 2189 1585 2272 f
1601 2188 1857 2264 infecta,
1893 2187 1938 2251 i.
1974 2210 2031 2251 e.
2067 2210 2199 2258 non
2228 2189 2520 2271 legenda,

210 2288 458 2354 videtur.
522 2294 802 2358 Videtur
842 2295 1035 2358 etiam
1080 2296 1416 2358 statuenda
1458 2294 1712 2356 interna
1751 2294 2115 2357 assonantia
2143 2304 2304 2376 post
2347 2315 2524 2376 prae·

210 2394 323 2457 fixa
376 2399 552 2462 dum·
573 2447 593 2475 ‚
640 2401 832 2477 dum,
882 2400 952 2462 in
998 2401 1257 2464 vocibus
1305 2402 1453 2463 dum
1494 2404 1504 2480 Ι
1543 2421 1834 2476 esurcsa,
1888 2401 2018 2463 dun
2056 2402 2067 2478 Ι
2106 2397 2344 2474 esairc,
2393 2398 2525 2461 dun

212 2498 219 2581 Ι
252 2498 506 2580 escara't,
535 2504 633 2567 ita
661 2515 735 2567 ut
765 2505 848 2568 sit
877 2505 1243 2568 assonautia
1271 2505 1588 2569 vocalium
1616 2527 1728 2587 per
1759 2515 1957 2568 totam
1983 2503 2365 2567 sententiam
2386 2525 2527 2586 per·

209 2625 368 2686 gens,
396 2619 458 2671 et
487 2632 745 2693 aspersa
774 2620 1027 2673 tantum
1057 2633 1359 2674 assonans
1392 2612 1440 2674 d
1463 2621 1539 2674 ut
1567 2610 1942 2674 secundaria
1963 2609 2350 2686 assonantia,
2380 2623 2528 2672 cum·

211 2709 284 2772 sit
308 2714 563 2778 nonnisi
593 2715 666 2778 in
695 2715 954 2800 syllabis
983 2716 1303 2800 praefixis.

197 2817 208 2829 ’
362 2820 619 2885 Primae
657 2831 723 2884 et
764 2833 1118 2904 postremae
1163 2821 1617 2884 incantationis
1659 2821 1794 2904 ipse
1838 2822 2107 2885 nucleus
2145 2842 2279 2883 non
2321 2820 2531 2882 solum

210 2920 681 3007 frequentiorem
704 2926 1116 3010 incipientem
1140 2928 1572 2991 assonantiam
1595 2927 1895 3004 ostendit,
1925 2929 2035 2990 sed
2067 2926 2259 2992 etiam
2280 2924 2529 2988 facilem

212 3028 683 3096 animadversu
665 3054 736 3095 m
766 3033 1148 3149 quibusdam
1177 3031 1330 3096 locis
1361 3033 1646 3096 finalem.

363 3138 698 3202 Praecedit
736 3137 807 3200 in
847 3137 1052 3221 prima
1083 3141 1331 3219 (contra
1371 3138 1653 3201 dolorem
1682 3140 1977 3202 effectum
2006 3138 2212 3221 spina,
2249 3147 2325 3199 ut
2354 3135 2527 3198 vide-

213 3247 336 3316 tur;
384 3244 550 3328 dely,
586 3243 737 3306 hod.
776 3243 988 3325 dealq)
1019 3243 1413 3327 prooemium
1454 3243 1775 3325 quoddam
1819 3245 1991 3326 quod
2020 3242 2298 3325 pertinet
2326 3262 2532 3324 usque

213 3346 285 3408 ad
321 3369 497 3411 voces
539 3369 633 3412 cr.
669 3346 986 3423 assae-lar,
1022 3369 1177 3430 quas
1224 3348 1365 3430 lego
1408 3348 1568 3412 crist
1606 3349 1958 3412 assaclcrtst
1996 3360 2060 3411 et
2098 3347 2350 3436 confero
2382 3368 2531 3409 cum

212 3446 492 3532 loquendi
534 3452 808 3516 formula
850 3457 984 3515 mo'o
1024 3456 1309 3516 assamo'o
1344 3455 1434 3536 (p.
1475 3457 1652 3536 286).
1720 3453 2024 3537 Sequitur
2064 3431 2363 3535 deinceps
2395 3474 2532 3514 ora-

215 3555 412 3620 culum
440 3559 692 3644 ipsum:

362 3679 372 3755 Ι
410 3676 709 3762 dimicari}
744 3675 753 3762 Ι
794 3681 912 3738 dim
949 3677 1188 3762 maldelq
1230 3675 1238 3760 Ι
1278 3682 1405 3757 dely
1445 3681 1455 3758 Ι
1496 3677 1802 3762 ἀὲαΙεσοίῖέ
1831 3675 1851 3762 ΙΙ
1922 3681 1932 3757 Ι
1971 3677 2246 3761 emble-biti
2274 3674 2295 3762 ΙΙ
2332 3675 2529 3760 Ιηιέὺη

220 3769 453 3854 Ινηέῖηηί
483 3779 503 3864 ΙΙ
557 3779 565 3863 Ι
597 3784 661 3840 bb
690 3783 752 3840 di
776 3777 782 3864 Ι
814 3783 957 3840 heim
998 3784 1157 3840 nand
1186 3778 1205 3865 ΙΙ
1239 3784 1452 3841 ὀοάαίΙι
1482 3779 1487 3862 Ι
1514 3802 1691 3841 scenn
1738 3791 1791 3840 to
1813 3778 1970 3864 {scen
2002 3783 2194 3858 todaiq
2229 3777 2249 3862 ΙΙ
2283 3777 2530 3861 νοΙριινφ

204 3881 303 3951 ,Ῐίοε
335 3881 349 3957 Ι
378 3885 631 3959 qoibnen
662 3885 795 3942 aird
830 3875 840 3966 Ι
872 3884 1172 3960 yoibnenn
1208 3886 1444 3943 renaae‘rd
1476 3887 1487 3963 Ι
1520 3885 1816 3962 qoibnenn
1845 3884 1966 3941 coin
2004 3877 2013 3964 Ι
2048 3884 2182 3959 yeth
2214 3904 2326 3940 ass.

338 4111 363 4139 ²*
398 4113 571 4184 Supra
592 4114 878 4168 formulam
903 4115 1040 4168 hanc
1063 4115 1287 4169 latinam
1312 4116 1644 4186 conspicitur
1667 4116 1945 4169 literarum
1967 4115 2114 4168 linea
2135 4115 2360 4185 mystica
2379 4131 2533 4183 quasi

220 4194 512 4262 capitalium
560 4199 849 4253 latinarum
898 4218 1021 4252 cum
1072 4201 1331 4255 immixtis
1388 4202 1594 4271 graecis
1629 4219 1740 4254 una
1776 4218 1899 4253 cum
1934 4200 2106 4253 forma
2145 4198 2550 4269 grammaticali.

218 4289 491 4344 graecamt.
504 4283 745 4338 videtur:
774 4286 1680 4342 PCHNITmCANoeMNYBVC.
1704 4285 2332 4340 KNAATYONIBVC.
2359 4283 2532 4336 Finit.

217 4358 311 4416 Per
332 4364 376 4418 P
398 4366 455 4420 in
488 4369 708 4423 dextera
731 4369 922 4439 capitis
960 4377 1112 4439 parte
1134 4370 1336 4424 lineola
1359 4371 1524 4425 ducta
1546 4377 1658 4434 est;
1687 4370 1811 4439 lego
1837 4370 1992 4425 inde:
2023 4370 2403 4440 prechnitosom
2427 4386 2537 4421 om-

218 4447 373 4512 nybuc
397 4452 800 4522 knaatyonffim,
826 4455 864 4509 i.
893 4473 941 4508 e.
969 4454 1279 4524 praedicent
1303 4456 1554 4514 omnibus
1579 4454 1910 4509 nationibus.
