3150 5242
619 367 741 433 634
1104 374 1223 437 IV.
1261 379 1321 435 2.
1380 392 1941 437 PRAEPosrnoNsss
1972 394 2445 438 Bnl'rAnchi-z.

618 562 659 603 a
704 541 883 624 llynn
910 562 998 623 yn
1029 540 1295 603 didlawt
1321 544 1650 604 amadunt
1676 544 1959 621 (mensae
1987 553 2171 606 erant
2190 542 2326 624 jam
2355 554 2632 624 paratae,
2669 555 2733 605 et
2761 545 2952 606 cibus

618 658 933 727 potusque
963 646 1361 707 abundanter
1390 666 1578 729 super
1606 649 1739 727 eas)
1779 653 1834 721 1,
1873 652 2018 707 263.

786 750 890 811 Ad
941 749 1388 831 significandas
1439 750 1933 833 praepositiones
1987 751 2218 813 latinas
2257 760 2557 832 propter,
2603 772 2732 833 per
2747 800 2767 827 ,
2814 773 2952 833 pro

617 855 924 918 cambrice
968 876 1048 917 ex
1088 865 1237 916 ante
1278 854 1446 917 dicta
1486 855 1774 938 propriae
1803 856 2038 917 formae
2057 877 2429 937 ¹progressae
2459 856 2778 932 videntur,
2826 857 2952 918 ER

616 970 682 1022 et
711 961 861 1035 YR,
898 980 1166 1041 quarum
1207 959 1362 1021 haec
1402 971 1500 1022 est
1528 960 1719 1042 juxta
1762 981 1861 1035 ar,
1898 970 1972 1022 ut
2014 981 2120 1043 ym
2142 958 2333 1042 juxta
2362 982 2488 1036 am,
2524 971 2588 1024 et
2617 962 2729 1024 illa
2762 983 2950 1024 voca-

615 1064 745 1127 lem
783 1063 1266 1147 praepositionis
1311 1064 1609 1126 infectam
1640 1064 1762 1127 sibi
1792 1063 2157 1126 vindicavit.
2225 1065 2546 1128 Differunt
2577 1076 2796 1128 tamen
2827 1066 2951 1127 for-

615 1191 756 1231 mae
785 1179 1008 1231 auctae
1037 1191 1185 1231 cum
1212 1168 1694 1250 pronominibus
1725 1168 1995 1243 suffixis,
2033 1191 2179 1231 cum
2209 1190 2289 1231 ex
2318 1191 2397 1232 ar
2427 1172 2540 1232 fiat
2570 1193 2715 1246 arn,
2757 1193 2842 1233 ex
2873 1192 2954 1254 yr

617 1296 761 1336 vero
790 1276 919 1359 yrd
945 1277 1047 1354 (ut
1077 1276 1215 1358 ynd
1238 1284 1302 1337 et
1327 1295 1436 1357 yn,
1474 1273 1595 1353 in).

786 1381 941 1441 ER:
989 1378 1234 1462 meneqi
1256 1402 1298 1462 y
1330 1378 1558 1441 arthur
1588 1399 1728 1439 mae
1756 1379 1849 1441 mi
1875 1380 1986 1442 ath
2015 1401 2306 1463 vyrywys
2335 1402 2405 1441 er
2433 1380 2717 1464 enryded
2738 1402 2951 1463 ywas-

616 1486 881 1548 sanaeth
912 1484 1081 1547 idaw
1124 1486 1206 1568 ef
1224 1484 1455 1565 (dicere
1498 1484 1686 1544 debes
1716 1484 2008 1560 Arthuri,
2044 1484 2212 1565 quod
2255 1505 2371 1566 ego
2412 1506 2553 1547 sum
2585 1485 2694 1566 qui
2726 1484 2859 1547 vici
2890 1498 2952 1547 te

615 1602 871 1674 propter
900 1591 1204 1652 honorem
1234 1588 1472 1651 servitii
1502 1588 1668 1671 ejus)
1700 1590 1876 1650 Mab.
1920 1596 1976 1663 1,
2017 1594 2162 1651 244.

608 1770 611 1779 1
786 1695 944 1759 YR:
998 1693 1226 1755 medwl
1262 1693 1439 1756 arall
1463 1715 1538 1755 ae
1566 1692 1851 1775 kyffroes
1879 1702 2072 1776 ynteu
2101 1703 2215 1756 nat
2240 1716 2320 1777 φ·
2349 1695 2582 1756 medwl
2602 1696 2952 1777 ymdanaw

616 1799 698 1882 ef
722 1797 1159 1883 ydywedassei
1183 1797 1257 1859 hi
1282 1798 1520 1880 kynny.
1556 1818 1793 1880 namyn
1821 1819 1902 1879 yr
1928 1807 2252 1881 ystyryaw
2282 1799 2518 1883 karyat
2545 1821 2622 1861 ar
2651 1821 2746 1861 wr
2779 1800 2958 1863 arall

617 1902 943 1985 (cogitatio
984 1901 1110 1964 alia
1151 1901 1571 1983 expergefecit
1611 1923 1779 1975 eum,
1817 1904 1985 1983 quod
2028 1924 2160 1963 non
2201 1914 2457 1985 propter
2495 1904 2949 1985 cogitationem

615 2008 780 2071 circa
810 2028 956 2068 eum
986 2005 1270 2080 dixisset,
1300 2028 1481 2081 uxor,
1510 2006 1653 2081 hoo,
1684 2007 1794 2067 sed
1815 2018 2072 2088 propter
2095 2030 2371 2070 amorem
2393 2008 2463 2069 in
2486 2009 2682 2070 alium
2705 2009 2945 2088 virum)

618 2114 793 2176 Mab.
834 2117 893 2186 2,
933 2118 1034 2172 35.
1084 2131 1165 2195 Ψ·
1207 2111 1484 2194 awelyoh
1525 2133 1646 2194 ηαθ
1688 2132 1768 2194 yr
1813 2112 2139 2195 aquwych
2171 2112 2407 2195 arnqfi.
2444 2135 2565 2175 ηαθ
2590 2112 2951 2197 ymokoeldi

619 2216 984 2299 dracheuyn
1017 2218 1162 2296 (nec
1203 2226 1461 2299 propter
1501 2217 1670 2298 quod
1715 2216 1944 2278 videris
1985 2239 2102 2278 nec
2144 2228 2400 2300 propter
2429 2218 2598 2299 quod
2629 2216 2942 2278 audiveris

618 2322 782 2384 circa
823 2343 947 2397 me,
983 2320 1340 2400 revertaris)
1375 2326 1435 2395 2,
1475 2327 1579 2382 36.
1631 2343 1707 2382 αθ
1747 2342 1829 2403 yr
1865 2323 2007 2383 duw
2039 2345 2116 2383 αθ
2142 2344 2224 2405 yr
2253 2323 2337 2408 dy
2368 2322 2682 2406 syberwyt
2702 2321 2941 2405 pwylla

616 2427 879 2489 wrthaw
911 2428 1193 2508 (propter
1221 2426 1411 2487 deum
1435 2436 1497 2487 et
1519 2436 1776 2507 propter
1798 2424 2194 2488 honestatem
2220 2437 2417 2502 tuam,
2447 2427 2741 2489 miserere
2765 2427 2932 2509 ejus;

614 2552 696 2615 yr
738 2533 902 2605 duw,
939 2553 1051 2612 per
1080 2531 1292 2601 deum,
1329 2530 1696 2593 obsecrandi
1724 2530 1998 2593 formula
2025 2543 2089 2593 et
2118 2531 2271 2593 alias
2304 2532 2513 2613 obvia)
2552 2539 2608 2607 1,
2649 2537 2795 2593 270.
2841 2552 2938 2593 oes

618 2636 819 2700 obeith
858 2644 1095 2721 qennyt
1141 2636 1194 2697 ti
1219 2658 1298 2697 ar
1321 2635 1533 2719 qast'el
1556 2637 1642 2719 dy
1674 2636 1898 2720 ellwny
1930 2660 2004 2699 ae
2032 2659 2113 2720 yr
2143 2659 2257 2699 eur
2286 2660 2361 2699 ae
2387 2659 2469 2721 yr
2496 2646 2733 2720 aryant
2763 2660 2837 2700 αθ
2862 2658 2942 2720 yr.

611 2742 791 2824 9olut
821 2741 1279 2823 pressennawl.
1316 2763 1391 2801 αθ
1432 2762 1513 2823 yr
1545 2748 1810 2803 catwent
1853 2764 1930 2803 αθ
1955 2742 2181 2825 ymlad
2208 2743 2393 2820 (num
2423 2763 2565 2823 spes
2598 2741 2736 2817 tibi,
2775 2743 2935 2823 quod

614 2857 1067 2909 consecuturus
1099 2844 1184 2906 sis
1214 2844 1571 2907 libertatem
1602 2855 1781 2907 tuam
1810 2846 1909 2907 vel
1937 2868 2050 2928 per
2071 2867 2300 2909 aurum
2321 2845 2422 2908 vel
2444 2866 2557 2926 per
2579 2856 2928 2926 argentum,

615 2950 718 3012 vel
757 2970 869 3030 per
911 2950 1152 3010 donum
1191 2948 1558 3030 pretiosum,
1597 2950 1697 3011 vel
1738 2971 1851 3031 per
1892 2971 2178 3032 pugnam
2207 2959 2271 3012 et
2300 2948 2772 3011 contentionem
2787 2949 2838 3030 3)
2872 2956 2927 3025 2,

621 3059 765 3113 234.
813 3074 930 3114 nas
969 3052 1220 3116 rodwni
1259 3074 1373 3115 euo
1413 3060 1597 3114 ettwa
1640 3072 1721 3134 yr
1762 3075 1804 3135 y
1832 3052 2119 3135 palffrei
2138 3074 2333 3137 qoreu
2363 3056 2521 3134 (non
2551 3055 2768 3115 darem
2796 3076 2933 3116 eum

617 3179 730 3240 pro
772 3156 1010 3238 optimo
1052 3178 1236 3238 equ0,
1270 3177 1507 3238 equum
1549 3160 1793 3237 meum)
1832 3163 1888 3233 1,
1930 3164 2030 3220 10.
2066 3157 2302 3240 welydi
2325 3180 2475 3242 yma
2503 3157 2602 3241 yti
2632 3159 2835 3242 bwyth
2861 3179 2933 3242 Ψ·

619 3261 768 3324 ireit
796 3260 1161 3344 bendiqedic
1192 3263 1361 3341 (eece
1394 3260 1511 3323 tibi
1539 3259 1644 3321 hic
1674 3260 2246 3324 remunerationem
2274 3285 2389 3345 pro
2419 3273 2751 3344 unguento
2779 3263 2930 3325 salu-

619 3365 765 3444 tari)
804 3372 859 3440 1,
899 3372 1001 3427 30.
1048 3386 1130 3450 yr
1169 3364 1348 3448 rydit
1387 3364 1554 3427 idaw
1596 3366 1825 3448 yrodes
1868 3365 2113 3428 hanner
2140 3387 2182 3449 y
2207 3367 2472 3450 qyfoeth
2502 3367 2667 3430 eham
2699 3370 2834 3449 (pro
2863 3367 2930 3429 li-

617 3471 856 3532 bertate
886 3468 1061 3532 dedit
1090 3468 1149 3530 ei
1176 3468 1513 3530 dimidium
1542 3468 1808 3531 dominii
1837 3469 2103 3551 proprii)
2144 3477 2198 3545 1,
2239 3477 2341 3533 30.

785 3575 952 3636 Cum
997 3572 1476 3655 pronominibus
1519 3573 1768 3636 suffixis
1813 3574 2153 3636 formulae:
2210 3575 2380 3658 yrqfi
2409 3598 2462 3636 ,α
2505 3576 2649 3638 duw
2693 3576 2858 3637 drwo
2891 3598 2928 3658 y

616 3678 916 3741 medreist
943 3681 1082 3761 (per
1111 3698 1213 3739 me
1244 3688 1309 3739 et
1337 3678 1550 3754 deum,
1581 3678 1822 3741 malum
1851 3679 2277 3760 perpetrasti),
2307 3701 2382 3741 αθ
2409 3700 2490 3762 yr
2518 3681 2664 3741 duw
2694 3700 2769 3741 αθ
2792 3680 2942 3763 yrqf

614 3804 824 3865 ynnezc
851 3804 986 3863 par
1029 3782 1103 3846 di
1141 3786 1423 3865 (propter
1463 3784 1655 3845 deum
1700 3793 1764 3846 et
1802 3791 2059 3863 propter
2101 3804 2237 3857 me,
2289 3804 2440 3845 cura
2480 3793 2550 3845 tu
2569 3783 2617 3862 i)
2666 3784 2835 3845 Mab.
2872 3790 2923 3858 1,

619 3891 764 3947 267.
812 3897 956 3969 yrot
1000 3886 1053 3951 ti
1084 3887 1176 3949 mi
1200 3887 1524 3970 abwyllaf
1542 3909 1619 3948 αθ
1648 3886 1899 3968 arodaf
1914 3908 1956 3969 y
1987 3886 2152 3949 eneit
2180 3886 2348 3949 idaw
2379 3886 2537 3949 Ιιθηο
2570 3889 2844 3970 (propter
2871 3897 2925 3948 te

614 4011 731 4072 ego
783 3990 1122 4054 miserebor
1166 4001 1231 4054 et
1270 3992 1432 4053 dabo
1478 3990 1538 4051 ei
1577 3989 1777 4051 vitam
1819 3989 1939 4051 hac
1980 3992 2193 4070 nocte)
2232 3997 2288 4067 1,
2323 3995 2468 4053 270.
2521 4013 2587 4053 03
2618 3990 2722 4054 oth
2752 3993 2870 4054 uod
2888 4012 2925 4073 y

609 4116 831 4178 qwney
881 4094 1097 4157 ditheu
1132 4094 1321 4177 yrqfi'.
1356 4094 1707 4178 kyssondeb
1741 4096 2077 4177 traqywyd
2104 4093 2402 4157 diwahan
2433 4096 2610 4177 auyd
2632 4115 2807 4177 yrom
2836 4102 2924 4157 tra

614 4219 757 4261 uom
801 4219 936 4282 vyw
969 4197 1052 4278 (si
1094 4198 1366 4260 libenter
1411 4208 1485 4259 tu
1514 4198 1704 4259 facies
1734 4197 1916 4272 mihi,
1954 4198 2345 4260 connubium
2372 4208 2751 4280 perpetuum
2778 4198 2922 4260 inse-

612 4302 890 4386 parabile
919 4301 1038 4366 erit
1066 4301 1271 4376 nobiS,
1307 4323 1499 4384 quam
1528 4301 1640 4365 diu
1671 4300 1905 4364 erimus
1936 4300 2098 4375 vivi3
2135 4302 2215 4363 cf.
2252 4301 2499 4364 hibern.
2529 4313 2656 4365 vet.
2693 4301 2916 4375 airibsi,

614 4405 845 4483 airriu,
876 4406 1074 4483 vobiS,
1104 4406 1216 4482 eiS,
1244 4429 1310 4488 p.
1344 4411 1489 4467 578.
1515 4409 1667 4485 579)
1700 4409 1760 4480 2,
1793 4411 1897 4467 46.
1953 4406 2122 4467 Cum
2150 4406 2198 4466 d
2222 4405 2533 4469 immissa:
2570 4414 2687 4490 nyt
2706 4404 2922 4488 ywerth
