3150 5242
591 338 753 402 1086
952 358 1326 402 Arranmx.
1390 356 1677 402 emesan
1704 355 2087 399 cAusmcsn
2116 354 2550 399 oxomnnssss.

580 530 720 572 rare
759 509 1074 591 deorum).
1123 528 1275 591 map
1315 506 1694 571 brethinnou
1723 507 1841 590 (gl.
1877 506 1951 568 in
1993 506 2231 588 cunis).
2278 504 2393 569 hin
2420 525 2569 586 map
2598 503 2771 567 diiob
2803 504 2923 587 (gl.

579 615 741 678 Jove
780 615 1052 698 dignus:
1100 614 1172 678 in
1211 613 1396 677 cunis
1431 613 1570 697 jam
1600 615 1763 677 Jove
1790 613 2026 697 dignus
2056 617 2242 695 erat).
2289 611 2543 675 oevilou
2561 611 2679 694 (gl.
2715 610 2931 694 auspi-

580 720 747 803 ciis).
812 718 1422 804 omum-diminutius
1464 719 1593 802 (gl.
1644 720 1726 783 ab
1766 719 2034 802 invito).
2097 719 2333 783 diutau
2361 717 2479 801 (31.
2514 717 2736 781 Latio:
2784 739 2931 782 eoas

584 826 771 891 Latio
810 828 1006 891 addat
1044 828 1252 917 opes)²
1304 834 1462 909 yart
1486 847 1675 908 paup
1706 826 1824 909 (gl.
1859 825 2217 909 consistes).
2264 824 2535 891 nerthiti
2560 824 2681 907 (gl.
2714 824 2933 888 horta-

583 934 760 996 bere:
808 932 1115 996 consistes
1157 930 1487 1014 aciemque
1525 931 1687 995 meis
1729 932 2061 996 hortabere
2105 931 2363 1013 verbis).
2409 930 2525 994 ltin
2559 929 2845 995 acclinata
2871 930 2936 994 ir

583 1041 723 1105 lein
770 1039 888 1123 (gl.
944 1041 1242 1103 Romana
1297 1048 1588 1122 pectora:
1654 1050 1959 1122 tergaque
2018 1038 2440 1113 Parthorum,
2503 1039 2933 1120 Romanaque

583 1303 803 1348 nentem
841 1301 904 1348 ut
941 1294 999 1347 in
1034 1294 1216 1348 latinis
1253 1294 1533 1347 codicibus
1566 1293 1729 1347 etiam
1754 1294 1812 1347 in
1833 1295 2127 1348 hibernicis
2151 1312 2250 1364 pro
2274 1312 2411 1358 com,
2440 1292 2498 1346 in
2522 1292 2809 1346 cambricis
2833 1308 2934 1361 pro

581 1399 718 1446 cem,
744 1398 879 1434 osm-
905 1380 1036 1451 (rec.
1061 1399 1207 1451 sym,
1234 1380 1396 1451 eff),
1425 1395 1525 1433 nec
1548 1380 1733 1445 timeo,
1762 1395 1833 1432 ne
1855 1378 1992 1432 falso
2016 1379 2193 1450 legam
2214 1380 2581 1443 cernitolm‘dou,
2609 1396 2640 1431 e
2666 1396 2780 1448 qua
2802 1395 2934 1431 voce

582 1468 741 1522 facile
779 1466 1118 1537 dignoscitur
1142 1466 1316 1519 subst.
1343 1464 1550 1529 cenitol,
1579 1466 1795 1529 cenetol,
1822 1465 2034 1529 aeneid,
2064 1465 2195 1518 hod.
2221 1467 2452 1535 cenedyl,
2483 1482 2678 1535 genus,
2707 1480 2934 1534 genera-

582 1554 680 1607 tio.
731 1552 1187 1606 Terminationem
1224 1549 1408 1603 -aidou
1443 1550 1490 1603 si
1526 1550 1651 1621 quis
1686 1550 1956 1620 opinetur,
1984 1551 2056 1604 ob
2090 1551 2187 1605 lat.
2215 1552 2419 1604 natales
2454 1550 2649 1602 finiens
2689 1548 2749 1601 in
2784 1547 2929 1613 -alt's,

583 1658 701 1694 esse
738 1638 1129 1693 derivationem
1162 1636 1555 1706 adjectivorum
1591 1636 1931 1734 frequentem
1963 1635 2115 1689 -at'dd
2146 1636 2440 1690 hodiernae
2463 1635 2707 1705 linguae,
2737 1652 2934 1688 conve-

584 1726 824 1779 nientem
860 1741 983 1778 cum
1021 1723 1117 1776 lat.
1139 1720 1270 1787 -iln's,
1297 1722 1451 1787 -aris,
1480 1739 1529 1775 e.
1557 1740 1644 1792 gr.
1670 1722 1729 1774 in
1752 1720 2018 1785 maban'dd,
2046 1721 2288 1791 puerilis,
2311 1721 2574 1791 ywraffld,
2600 1719 2778 1773 virilis
2804 1726 2932 1784 etc„

584 1810 972 1882 opponendum
995 1817 1154 1871 esset,
1173 1808 1322 1878 quod
1345 1807 1616 1878 ejusmodi
1637 1806 1944 1877 adjectiva
1926 1824 1985 1859 ιιι
2008 1807 2152 1876 plur.
2179 1814 2277 1860 aut
2298 1824 2409 1860 non
2431 1811 2737 1869 mutantur,
2755 1805 2895 1858 aut
2878 1823 2937 1858 ιιι

582 1895 813 1949 -en‘dda'on
849 1894 1226 1949 terminantur.
1276 1894 1447 1948 Vetus
1471 1894 1577 1946 hoc
1599 1893 1948 1947 oeniwlaidou
1970 1910 2084 1945 non
2104 1892 2256 1946 aliud
2278 1898 2364 1946 est
2387 1908 2548 1962 quam
2571 1890 2831 1943 hodiem.
2858 1909 2937 1944 ee-

584 1982 918 2045 nedlaethau,
946 1979 1342 2050 generationes,
1369 1996 1404 2031 a
1438 1979 1581 2049 sing.
1611 1980 1911 2032 cenedlaetl·
1950 1996 2075 2032 cum
2108 1979 2342 2032 formula
2363 1977 2510 2031 -aeth
2532 1976 2741 2046 scripta
2762 1976 2825 2029 in
2849 1993 2936 2029 co·

585 2068 800 2121 dicibus
824 2065 1054 2120 vetustis
1073 2064 1191 2118 -aid
1212 2064 1290 2134 (p.
1315 2067 1432 2116 172.
1459 2065 1602 2135 180).
1639 2082 1765 2134 map
1790 2064 2121 2129 bremium,
2150 2064 2265 2135 31.
2249 2081 2307 2116 ιιι
2331 2064 2505 2136 cunis,
2534 2061 2572 2115 i.
2600 2079 2653 2115 e.
2681 2079 2825 2133 puer
2847 2079 2937 2115 cu-

585 2170 799 2216 norum‚
828 2152 1115 2205 fasciarum
1132 2173 1146 2215 ς
1176 2149 1351 2203 subst-
1391 2149 1618 2219 brethyn
1659 2148 1914 2221 (pannus)
1955 2149 2109 2203 Mab.
2137 2154 2189 2214 2,
2218 2153 2338 2214 382,
2378 2148 2507 2202 hod.
2551 2149 2816 2218 brethyn,
2857 2148 2931 2218 pl.

587 2238 904 2307 bretlaynau,
925 2253 1088 2290 sensu
1110 2236 1285 2306 magis
1309 2235 1601 2299 communi,
1624 2235 1810 2290 vestis.
1847 2235 1941 2288 hin
1965 2253 2091 2305 map
2112 2235 2173 2288 de·
2190 2234 2293 2300 iob,
2314 2235 2391 2304 gl.
2416 2235 2554 2288 Jove
2577 2233 2806 2304 dignus,
2827 2234 2867 2287 i.
2884 2251 2932 2287 e.

585 2330 650 2377 ut
680 2322 825 2385 filius
847 2321 1030 2377 Iovis:
1058 2320 1172 2386 Ιιὺι,
1212 2319 1288 2385 in,
1326 2338 1404 2389 yn
1429 2320 1505 2391 (p.
1532 2322 1692 2392 571);
1733 2320 1793 2373 ai
1810 2320 1914 2385 ioh,
1942 2320 2243 2391 genitivum
2267 2321 2577 2392 significans
2605 2320 2686 2389 (p.
2716 2320 2866 2389 905).
2904 2338 2933 2372 ο

582 2408 773 2473 coilou,
803 2406 976 2462 subst-
1004 2406 1123 2471 coil,
1152 2405 1471 2476 auspicium,
1500 2405 1809 2474 augurium,
1838 2406 1987 2477 quod
2020 2406 2211 2460 subest
2231 2405 2488 2460 derivatis
2509 2405 2779 2471 chaillioc,
2811 2407 2932 2459 clm·

585 2493 788 2563 illioqes
813 2493 870 2547 in
896 2492 1099 2545 Vocab.
1137 2499 1194 2545 et
1240 2490 1549 2560 supradicto
1589 2489 1805 2544 denom.
1843 2492 2213 2545 emooilhaam.
2258 2490 2712 2561 quordimzbmtim
2726 2533 2742 2558 ,
2772 2493 2933 2546 lectio

585 2597 698 2633 non
735 2578 865 2632 satis
889 2584 1052 2643 certa,
1081 2594 1205 2631 cum
1230 2577 1392 2630 etiam
1416 2575 1489 2629 ob
1512 2575 1740 2630 formam
1762 2576 1951 2632 literae
1972 2596 2008 2631 α
2031 2577 2347 2648 quadratam
2371 2577 2647 2633 interdum
2671 2586 2841 2650 atque
2865 2577 2933 2632 ob

586 2665 814 2719 formam
836 2663 1024 2717 literae
1060 2670 1332 2716 extremae
1368 2661 1682 2714 abnormem
1713 2670 2107 2733 et·suspectam
2130 2664 2243 2733 legi
2274 2663 2449 2734 possit
2466 2663 2929 2732 quor-diminuam,

579 2748 1034 2820 quoraiminnam,
1059 2747 1501 2818 quordiminntt'u.
1551 2748 1882 2802 Terminatio
1904 2766 2027 2801 -aus
2054 2748 2142 2818 (--
2167 2749 2261 2807 ds,·
2293 2766 2419 2811 nam
2442 2767 2565 2801 -aus
2589 2756 2933 2803 vetustorum

586 2836 869 2889 nominum
892 2835 1218 2898 Nemausus,
1247 2833 1536 2887 carausius
1571 2833 1747 2886 codici
1780 2841 1970 2887 nostro
1995 2842 2138 2887 esset
2158 2835 2294 2905 wne-s)
2322 2834 2413 2888 vix
2437 2833 2571 2887 alias
2595 2834 2792 2899 obvia3
2828 2836 2931 2889 for-

587 2939 707 2977 mae
732 2922 914 2975 tam'en
937 2917 1129 2982 minut,
1170 2916 1310 2971 mint
1342 2918 1697 2989 responderet
1719 2919 1932 2972 hibern.
1964 2926 2070 2972 vet.
2104 2926 2215 2974 met
2234 2920 2292 2972 in
2317 2936 2558 2988 compos.
2578 2919 2928 2988 foruitlcmet,

584 3007 806 3071 dormt,
835 3019 865 3058 e
897 3003 1078 3057 radice
1102 3002 1290 3068 MEN,
1320 3003 1468 3057 MIN
1496 3003 1588 3073 (cf.
1617 3003 1771 3058 Sent.
1797 3004 2008 3058 hibern.
2036 3023 2093 3058 n.
2127 3006 2234 3076 14).
2285 3004 2469 3057 Hodie
2502 3011 2719 3075 praeter
2757 3005 2929 3059 subst.

585 3092 789 3146 cambr.
813 3108 962 3162 ηψπ,
990 3090 1206 3159 ηιμηαᾱ,
1234 3089 1503 3154 voluntas,
1533 3089 1880 3155 desiderium,
1911 3107 2041 3143 cum
2063 3098 2119 3143 et
2142 3098 2321 3145 exstet
2341 3091 2453 3161 adj.
2479 3090 2768 3160 mynediw,
2797 3091 2932 3145 desi-

585 3178 801 3242 derans,
831 3176 1036 3241 volens,
1065 3174 1353 3229 statuenda
1388 3174 1606 3228 videtur
1629 3175 1791 3229 lectio
1823 3175 2266 3245 qum-diminutas.
2316 3176 2524 3230 Eadem
2555 3176 2717 3229 radix
2747 3177 2933 3230 subest

587 3263 768 3322 verbis
790 3263 1051 3333 dyuymm
1077 3260 1395 3329 (arcessere3
1423 3278 1453 3314 e
1478 3267 1589 3314 vet.
1615 3260 1888 3333 dominun)
1909 3262 2059 3315 Mab.
2078 3266 2128 3327 2,
2147 3265 2233 3327 32,
2251 3262 2664 3332 yorchymynnu
2688 3261 2927 3332 (jubere,

587 3365 656 3420 p.⁸
674 3349 819 3419 878).
872 3347 930 3401 di
964 3347 1115 3410 lituu,
1143 3346 1202 3399 in
1224 3345 1489 3399 hodierna
1512 3345 1805 3416 scriptione
1828 3353 1971 3400 esset
1989 3366 2031 3417 y
2053 3349 2264 3419 Lydum
2292 3349 2368 3419 (p.
2399 3353 2516 3401 150.
2547 3349 2694 3419 799).
2738 3348 2932 3417 Jungit

585 3434 875 3505 glossator,
903 3432 1217 3502 respiciens,
1254 3438 1320 3484 ut
1351 3430 1587 3495 videtur,
1615 3430 1725 3501 adj.
1753 3431 1850 3485 lat.
1878 3433 2035 3498 lateas,
2064 3440 2123 3486 et
2153 3434 2353 3487 cambr.
2380 3433 2516 3487 liian
2544 3433 2698 3503 (hod.
2729 3435 2926 3504 aydan,

586 3519 703 3573 bib.
731 3525 841 3572 vet.
869 3517 1093 3587 lothan),
1122 3534 1324 3570 nomen
1344 3516 1566 3570 Latium
1605 3533 1728 3569 cnm
1751 3534 1884 3571 voce
1907 3519 2173 3572 cambrica
2197 3517 2353 3583 lituu,
2382 3518 2728 3572 substantivo
2752 3518 2930 3589 primi·

585 3613 678 3659 tus
715 3604 945 3658 fortasse
981 3601 1310 3672 appellativo
1344 3609 1402 3656 et
1436 3599 1775 3671 significante
1811 3603 2041 3657 litorale.
2090 3604 2350 3658 Attamen
2387 3604 2555 3657 etiam
2576 3603 2796 3657 hibern.
2824 3610 2925 3657 vet.

584 3691 728 3743 letha
755 3688 830 3759 (p.
858 3688 971 3758 67),
1011 3685 1322 3756 significans
1360 3686 1506 3739 idem
1539 3687 1690 3757 quod
1723 3688 1922 3741 cambr.
1951 3697 2059 3743 vet.
2089 3689 2241 3755 lituu,
2269 3690 2402 3744 hod.
2429 3691 2677 3761 Llydaw,
2706 3688 2930 3743 Latonia

586 3774 735 3845 apud
770 3773 1059 3843 scriptores
1095 3770 1264 3824 medii
1300 3771 1437 3835 aevi,
1475 3772 1814 3826 Armoricam
1850 3774 2056 3829 scilicet
2087 3776 2176 3830 vel
2211 3776 2550 3830 Britanniam
2588 3776 2843 3846 gallicam
2878 3782 2929 3828 et

586 3859 752 3913 latius
778 3858 1028 3921 Galliam,
1059 3873 1183 3910 cum
1217 3855 1438 3909 nomine
1461 3857 1610 3912 Latii
1645 3859 1998 3914 confunditur
2033 3878 2066 3913 a
2088 3861 2441 3933 scriptoribus
2463 3869 2522 3916 et
2542 3862 2927 3932 interpretibus

587 3943 882 3998 hibernicis
908 3941 1074 4013 (Boll.
1102 3941 1271 3995 Mart.
1294 3944 1344 4006 2,
1369 3944 1514 4015 528).
1548 3950 1683 4013 yart
1695 3963 1864 4015 paup,
1894 3945 1971 4016 gl.
1998 3947 2277 4013 consistes,
2306 3948 2344 4001 i.
2374 3966 2423 4001 e.
2451 3956 2643 4002 contra
2665 3947 2923 4019 quemvis,

583 4029 785 4083 rectius
823 4029 992 4099 qurth
1004 4046 1157 4098 paup
1185 4027 1261 4098 (p.
1290 4030 1434 4101 646),
1465 4029 1581 4083 hib.
1609 4038 1720 4084 vet.
1735 4031 1999 4100 srircdch.
2050 4034 2291 4098 nav-miti,
2316 4034 2552 4098 hortare,
2581 4033 2771 4099 incita,
2801 4034 2922 4103 imp.

592 4115 668 4185 (p.
697 4115 817 4185 516)
848 4114 999 4169 verbi
1037 4114 1216 4168 adhue
1241 4116 1505 4169 exstantis
1527 4118 1740 4182 nerthu,
1770 4117 1998 4171 firmare.
2050 4118 2147 4171 hin
2167 4119 2397 4172 cellinau
2421 4118 2475 4171 ir
2499 4119 2625 4184 lein,
2656 4119 2733 4189 gl.
2760 4135 2925 4173 roma·

585 4218 764 4272 naque
789 4208 1037 4271 pectora:
1067 4199 1118 4253 ir
1142 4200 1268 4266 leia,
1291 4200 1402 4268 alii,
1422 4201 1631 4256 scilicet
1648 4203 1900 4268 Romani,
1919 4211 2206 4274 postquam
2229 4205 2435 4258 dictum
2458 4211 2584 4258 ante
2602 4206 2673 4258 de
2690 4204 2920 4259 Parthis.

584 4285 652 4338 In
693 4285 1139 4356 praecedentibus
1175 4288 1399 4342 vocibus
1426 4288 1672 4357 quamvis
1695 4287 1812 4341 sine
1837 4288 2003 4342 dubio
2029 4297 2207 4343 exstet
2228 4281 2462 4344 formula
2483 4290 2760 4361 participii
2782 4299 2949 4361 prae-¹

588 4371 773 4436 sentis,
817 4379 881 4425 ut
918 4372 1131 4427 obtinet
1165 4373 1329 4427 etiam
1369 4373 1549 4438 hodie,
1590 4373 1783 4443 partic.
1824 4392 1905 4444 yn
1938 4393 2062 4429 cum
2097 4375 2386 4442 infinitivo,
2426 4376 2594 4430 dubia
2629 4383 2815 4429 tamen
2848 4381 2923 4428 est

584 4454 806 4523 scriptio
845 4456 1015 4510 verbi.
1067 4459 1171 4513 Est
1198 4459 1342 4514 enim
1378 4465 1502 4530 post
1535 4477 1563 4512 c
1601 4458 1950 4530 incipientem
1984 4461 2129 4515 clara
2151 4461 2373 4532 quidem
2394 4481 2424 4516 e
2443 4462 2655 4517 minore
2678 4461 2852 4515 forma
2871 4466 2921 4512 et
