3150 5242
675 406 790 469 IV.
830 410 889 466 2.
948 424 1511 468 PRAEPOSITIONES
1542 422 2017 466 BRITANNICAE.
2388 402 2506 464 661

193 575 374 636 bronn
420 574 482 635 ir
528 574 658 637 allt
691 579 830 636 232.
882 573 1172 636 dioirchu
1200 595 1378 655 penn
1416 574 1799 657 queirclaud
1827 577 1972 634 253.
2036 574 2221 636 Idem
2249 574 2514 634 verbum

191 701 323 740 cum
350 701 568 762 praep.
611 678 713 743 cin
744 679 967 764 (kynn,
1005 678 1165 754 kint,
1199 701 1266 761 p.
1300 684 1482 760 651):
1519 689 1681 742 nant
1710 681 1797 740 du
1828 676 2188 761 diryuairet
2216 677 2313 739 bet
2327 666 2515 757 pann

192 783 378 846 disvin
423 784 682 846 inidair
722 784 797 846 ci
808 807 851 846 n
894 784 1179 846 circha
1220 785 1337 868 tas
1356 786 1464 865 (ad
1496 784 1738 846 Dubim
1769 803 2024 845 amnem
2052 784 2368 857 deorsum,
2404 784 2513 844 do-

191 911 293 950 nec
319 889 546 951 defluit
576 889 649 951 in
682 901 911 951 terram
940 899 1089 952 ante
1119 891 1226 964 T·.,
1264 900 1605 971 antequam
1633 889 1922 971 pervenit
1951 888 2019 949 in
2050 889 2163 969 T.)
2199 894 2344 949 247.

344 994 702 1056 Cornioa
760 1004 836 1055 et
895 994 1286 1056 armorica
1344 994 1743 1056 substantiva
1798 994 1899 1055 vel
1941 992 2252 1075 adjectiva
2295 994 2515 1055 eodem

191 1100 378 1174 modo,
413 1110 489 1160 ut
520 1099 860 1175 cambrioa,
896 1100 1033 1160 loco
1063 1099 1606 1182 praepositionum
1634 1109 1984 1180 ponuntur,
2021 1110 2133 1160 aut
2161 1121 2309 1160 oum
2339 1120 2517 1183 prae-

193 1203 599 1285 positionibus
633 1204 902 1287 propriis
933 1216 1047 1267 aut
1077 1204 1215 1268 sine
1245 1204 1504 1267 eisdem.
1572 1204 1839 1267 Cornice
1869 1226 1925 1265 e.
1962 1226 2057 1285 gr.
2095 1203 2304 1266 mesk:
2337 1203 2514 1266 mesk

192 1329 412 1371 ‹tronow
444 1310 648 1389 (inter
688 1310 849 1392 lora)
883 1312 1062 1373 Pass.
1105 1317 1248 1386 131,
1290 1314 1349 1385 2,
1387 1332 1498 1393 pro
1539 1331 1665 1392 quo
1709 1319 1805 1371 est
1833 1331 1921 1392 yn
1951 1309 2171 1392 mysk:
2214 1332 2302 1393 yn
2334 1309 2516 1395 mysk

191 1435 226 1495 y
252 1414 511 1498 abestely
547 1414 745 1495 (inter
775 1408 1088 1496 apostolos
1118 1419 1294 1498 suos)
1331 1420 1433 1491 27,
1478 1423 1532 1477 1.

343 1521 468 1582 Pro
509 1522 752 1582 cambr.
787 1519 906 1596 hit,
945 1522 1063 1596 bet,
1100 1522 1210 1605 byt
1248 1520 1496 1583 cornice
1540 1520 1813 1583 occurrit
1850 1520 2122 1582 formula
2168 1520 2278 1604 bys
2321 1542 2445 1604 yn:
2492 1519 2520 1582 i

192 1623 280 1685 eth.
307 1624 411 1708 bys
440 1648 530 1709 yn
560 1626 751 1688 Pilat
779 1626 1060 1708 (iverunt
1090 1629 1169 1688 ad
1201 1626 1512 1707 Pilatum)
1545 1628 1625 1689 P.
1665 1632 1767 1701 98,
1810 1632 1867 1687 1.

343 1730 686 1794 Formulae
732 1733 1018 1795 comicae
1049 1754 1196 1794 cum
1225 1753 1441 1814 praep.
1479 1755 1542 1807 a,
1579 1753 1716 1794 war
1746 1740 1906 1793 etc.:
1959 1729 2161 1792 abarh
2190 1752 2360 1792 mam
2394 1733 2508 1814 (gl.

195 1845 542 1910 matertera3
591 1835 639 1898 i.
679 1858 734 1899 e.
770 1860 808 1900 a
849 1848 1029 1920 parte
1071 1837 1343 1918 matris),
1381 1836 1584 1898 abarh
1630 1844 1724 1898 tat
1752 1836 1868 1918 (gl.
1905 1836 2135 1910 amita3
2180 1835 2225 1897 i.
2264 1858 2320 1898 e.
2357 1859 2396 1899 a
2425 1837 2513 1899 la-

197 1948 308 2001 tere
353 1942 551 2024 patris
568 1966 588 2016 3
648 1942 694 2004 i.
731 1964 787 2004 e.
820 1965 876 2031 *a
929 1943 1157 2024 barth)
1203 1943 1443 2006 Vocab.
1502 1942 1828 2024 warlyryh
1880 1942 2089 2004 henna
2142 1944 2313 2024 (post
2365 1932 2534 2018 hocs

195 2049 415 2127 postea)
444 2054 548 2124 91,
583 2054 645 2108 3.
668 2068 829 2120 ,war
855 2069 899 2130 y
931 2047 1117 2131 Zyryh
1149 2069 1324 2110 mear
1354 2070 1395 2109 a
1429 2047 1494 2110 lu
1526 2050 1699 2128 (post
1729 2068 1897 2122 eum,
1926 2048 1969 2108 J
1971 2069 2174 2122 esum,
2203 2069 2514 2130 magnum

198 2169 402 2229 agmen
417 2176 436 2225 3
487 2153 571 2214 of.
624 2174 853 2214 armor.
911 2152 1118 2228 lerek,
1169 2152 1538 2235 vestigium)
1581 2158 1696 2212 163
1717 2200 1736 2227 ,
1786 2158 1844 2213 3.
1911 2152 2246 2214 Formulae
2293 2153 2512 2216 abertlz

199 2254 295 2329 (=
335 2277 373 2317 a
414 2257 660 2338 barth),
698 2259 856 2320 adro
888 2259 1142 2340 (armor.
1180 2279 1317 2320 war
1356 2260 1499 2339 dro)
1533 2258 1781 2319 addunt
1825 2257 2098 2338 amplius
2142 2279 2361 2339 praep.
2396 2280 2506 2341 yn,

202 2355 286 2416 the
310 2357 374 2420 in
397 2362 578 2424 Pass.
605 2384 618 2423 ε
652 2371 878 2425 mester
909 2364 1056 2425 bras
1080 2361 1301 2425 aberth
1321 2385 1409 2447 yn
1433 2363 1592 2425 wlas
1617 2364 1917 2445 (magnus
1942 2364 2230 2425 sacerdos
2254 2384 2367 2444 per
2392 2373 2512 2425 ter-

198 2482 332 2538 ram,
367 2466 676 2548 Caiphas)
712 2473 815 2542 89,
858 2474 914 2529 1.
966 2467 1185 2535 oberth
1222 2489 1309 2552 yn
1351 2468 1488 2543 dre,
1525 2467 1745 2530 aberth
1776 2490 1863 2551 yn
1895 2450 2090 2530 orows
2123 2467 2220 2548 (in
2252 2467 2507 2549 oppido,

200 2564 260 2632 in
285 2575 480 2654 cruce)
517 2579 624 2651 30,
667 2580 727 2635 3.
769 2579 911 2650 151,
953 2581 1010 2636 1.
1054 2579 1197 2649 185,
1241 2580 1296 2635 1.
1328 2595 1424 2636 -an
1453 2573 1763 2636 Ethewon
1796 2573 1897 2636 the
1925 2575 2116 2636 Jesus
2148 2593 2320 2635 esens
2353 2573 2512 2634 adro

199 2672 427 2748 (Judaei
459 2678 703 2741 circum
731 2679 774 2739 J
776 2701 956 2740 esum
986 2682 1192 2760 erant)
1231 2685 1373 2755 140,
1410 2687 1471 2740 4.
1517 2680 1675 2740 adro
1708 2678 1817 2763 thy
1841 2678 2011 2762 yorf
2025 2700 2067 2761 y
2102 2678 2346 2763 trylyas
2375 2698 2511 2740 sen·

200 2776 323 2839 dall
345 2781 609 2861 (circum
639 2785 775 2866 ejus
807 2806 1034 2867 eorpus
1065 2785 1401 2847 volverunt
1428 2785 1663 2866 linum)
1700 2789 1845 2863 232,
1888 2790 1946 2844 3.

344 2886 403 2946 A
442 2888 719 2951 formula
765 2889 1078 2954 cambrioa
1119 2912 1207 2974 yn
1247 2891 1441 2975 erbyn
1474 2890 1570 2972 (in
1602 2892 1963 2971 occursum)
1996 2889 2204 2951 differt
2232 2886 2505 2950 cornioa.

201 2983 300 3049 Est
325 2991 486 3055 enim
516 3004 634 3057 aut
663 2994 798 3057 sola
828 2996 1045 3077 erhyn,
1079 2995 1125 3056 i.
1155 3017 1212 3057 e.
1250 3016 1319 3056 er
1351 2997 1495 3080 byn,
1533 3007 1646 3058 aut
1677 3013 1824 3058 cum
1852 2992 2336 3078 pronominibus
2367 3015 2510 3075 pos-

203 3093 421 3158 sessivis
460 3098 764 3163 immissis
808 3100 977 3161 inter
1019 3109 1357 3182 utramque
1401 3122 1651 3162 vocem:
1703 3101 1896 3184 erbyn
1936 3099 2156 3164 Christ
2195 3122 2236 3183 y
2279 3098 2382 3160 eth
2414 3097 2511 3177 (in

203 3216 500 3267 occursum
529 3205 776 3269 Christi
820 3204 1101 3286 iverunt)
1134 3207 1213 3268 P.
1250 3211 1352 3281 29,
1394 3210 1453 3267 2.
1499 3205 1718 3289 ywrek
1749 3206 1895 3268 athe
1924 3205 2222 3286 erthebyn
2254 3203 2512 3285 (mulier

204 3298 302 3363 ibit
339 3321 546 3374 contra
595 3314 684 3393 te)
721 3318 824 3387 66,
866 3318 924 3372 3.
972 3332 1117 3373 mur
1146 3332 1187 3372 a
1219 3311 1336 3372 dus
1367 3333 1400 3371 o
1432 3310 1752 3393 cuntullys
1784 3311 2021 3393 erybyn
2055 3309 2163 3391 thy
2188 3308 2510 3391 yuhuthas

204 3406 439 3482 (multus
481 3418 762 3501 populus
805 3427 940 3480 erat
980 3427 1398 3499 congregatus
1445 3426 1667 3477 contra
1707 3436 1855 3480 eum
1894 3415 1974 3476 ad
2018 3435 2168 3475 eum
2208 3434 2508 3476 accusan-

206 3510 358 3597 dum)
391 3526 488 3597 88,
525 3532 590 3584 4.
640 3521 826 3584 Pilat
861 3543 1093 3606 cowsys
1138 3522 1375 3605 erybyn
1420 3524 1526 3601 (P.
1577 3519 1741 3584 dixit
1783 3542 2002 3583 versus
2046 3520 2222 3600 eum)
2260 3524 2403 3592 100,
2447 3525 2504 3579 1.

204 3636 369 3701 eraqa
388 3626 522 3711 syn
568 3649 656 3689 un
680 3648 798 3710 θεν
824 3649 911 3711 ny
944 3627 1159 3709 lavery
1192 3629 1439 3707 (contra
1469 3647 1574 3688 eos
1607 3647 1811 3688 unum
1846 3626 2104 3690 verbum
2130 3645 2263 3685 non
2291 3623 2508 3704 loque-

205 3717 408 3809 batur),
442 3754 639 3815 eraqa
665 3732 806 3816 syn
849 3753 936 3793 na
969 3730 1251 3814 yewsyth
1282 3733 1530 3811 (contra
1575 3752 1680 3793 eos
1711 3733 1880 3813 quod
1910 3752 2044 3792 non
2074 3728 2260 3810 diois)
2297 3735 2400 3804 96,
2442 3736 2506 3791 4.

211 3829 330 3903 120,
365 3837 420 3896 2.
483 3840 613 3900 Pro
644 3859 713 3898 er
741 3857 960 3919 praep.
995 3858 1171 3906 war.-
1204 3857 1352 3920 may
1383 3836 1556 3900 halle
1586 3837 1741 3921 doys
1771 3857 1907 3899 war
1933 3858 1975 3919 y
2010 3836 2131 3920 byn
2165 3840 2267 3916 (ut
2295 3845 2509 3920 posset

206 3932 389 3999 venire
417 3939 481 4003 in
511 3942 652 4025 ejus
684 3944 1042 4023 occursum)
1081 3947 1225 4017 171,
1264 3948 1326 4004 2.

347 4041 518 4110 Inter
565 4046 966 4109 substantiva
1008 4046 1283 4127 corporis
1327 4049 1609 4109 membra
1655 4046 2084 4129 significantia
2127 4045 2197 4107 in
2242 4066 2315 4107 eo
2354 4066 2500 4120 usu,

205 4149 266 4201 Ut
302 4152 602 4215 cambrica
659 4174 853 4234 supra
895 4162 1276 4228 memorata,
1323 4150 1573 4214 cornice
1618 4151 1869 4234 saepius
1915 4162 2012 4214 est
2047 4173 2173 4232 pen
2216 4152 2498 4231 (caput):

201 4245 391 4322 ymen-s
434 4257 533 4320 the
580 4259 694 4320 ben
741 4258 988 4342 dewlyn
1033 4256 1424 4337 (oeciderunt
1465 4256 1537 4319 in
1580 4259 1818 4339 genua)
1852 4259 1929 4319 P.
1973 4264 2114 4331 137,
2159 4263 2213 4316 1.
2255 4260 2400 4328 196,
2440 4260 2499 4314 1.

203 4366 319 4411 war
355 4357 459 4423 ben
502 4364 752 4447 dewlyn
799 4384 890 4424 ow
936 4362 1109 4425 cothe
1153 4362 1250 4442 (in
1293 4384 1504 4445 genua
1547 4364 1807 4442 cadens)
1846 4367 1987 4436 171,
2032 4367 2090 4422 3.
2141 4382 2289 4442 may
2333 4357 2504 4421 theth

203 4470 316 4516 war
345 4460 445 4527 ben
470 4490 512 4551 y
548 4467 819 4551 thewlyn
851 4469 953 4547 (ut
981 4469 1233 4531 caderet
1260 4467 1330 4530 in
1359 4490 1573 4551 genua
1604 4470 1745 4548 sua)
1782 4473 1884 4541 54,
1923 4473 1983 4528 4.
2043 4464 2260 4528 Christ
2288 4461 2503 4525 atlcetlz
