3150 5242
663 374 788 443 IV.
825 377 887 435 2.
958 393 1524 439 mmmmm-lones
1555 368 2032 439 mammen.
2266 407 2274 413 ·
2389 376 2521 438 623

162 544 345 611 editis
376 542 654 626 saepius
685 553 1014 627 separauit
1034 566 1078 613 „o
1106 543 1256 619 bon,
1290 564 1426 605 non
1454 544 1669 624 bene).
1720 543 1904 626 Sing.
1945 550 2004 606 1.
2037 565 2245 626 pers.:
2280 546 2532 629 meaeqi

165 649 430 733 ohanqfi
471 649 620 733 ytti
658 651 745 733 dy
792 649 972 733 qfles.
1007 650 1255 733 meneyi
1295 672 1330 711 o
1370 649 1595 732 honafi
1632 649 1760 732 ytti
1781 651 1870 734 dy
1904 650 1992 711 les
2023 649 2177 729 (dici
2207 673 2246 713 a
2273 673 2375 713 me
2409 653 2525 715 tibi

165 754 645 817 detrimentum
689 767 898 831 tuum,
947 757 1353 819 commodum
1399 767 1605 831 tuum,
1641 776 1774 817 non
1816 756 2080 831 bonum,
2116 757 2359 821 bonum
2398 763 2522 841 est)

166 863 337 924 Mab.
375 867 436 937 1,
472 868 540 922 6.
582 867 689 922 19.
743 866 805 922 2.
838 883 1044 945 pers.:
1082 882 1184 924 am
1219 862 1334 924 lad
1360 860 1593 925 ohonat
1621 860 1819 925 titheu
1845 883 1889 945 y
1914 860 2316 943 qwrprt'awt
2341 863 2433 926 ki.
2460 911 2476 926 .
2500 912 2516 926 .

166 975 375 1052 mynet
415 967 671 1029 ohonat
709 989 754 1051 y
800 967 897 1051 lys
937 966 1166 1029 arthur
1196 968 1304 1050 (ob
1347 967 1627 1029 occisum
1670 989 1709 1029 a
1749 977 1812 1033 te
1846 966 2048 1050 ipsius
2077 968 2401 1046 maritum,
2442 1018 2458 1032 .
2495 1018 2516 1033 .

166 1074 338 1156 pergi
380 1096 421 1136 a
469 1084 541 1135 te
590 1073 677 1134 ad
719 1072 934 1135 aulam
974 1073 1087 1147 A„
1134 1077 1412 1155 oportet)
1451 1074 1629 1136 Mab.
1673 1080 1731 1149 1,
1769 1077 1915 1135 249.
1969 1079 2031 1135 3.
2074 1095 2244 1155 pers.
2277 1096 2515 1139 masc.:

168 1180 442 1245 adnabat
485 1199 699 1242 aoruc
734 1225 749 1240 .
790 1224 805 1239 .
841 1177 1128 1262 ryqaffil
1162 1180 1457 1262 dyrnawt
1497 1178 1880 1262 anyheuawl
1915 1178 2175 1242 ohonaw
2207 1181 2521 1260 (animad-

171 1295 403 1348 vertere
436 1283 690 1367 coepit,
726 1284 1038 1365 accepisse
1066 1283 1324 1366 plagam
1348 1285 1663 1351 letiferam
1692 1286 1771 1348 ab
1802 1306 1898 1360 eo,
1935 1285 2204 1365 Oweno)
2237 1287 2414 1350 Mab.
2457 1295 2515 1364 1,

182 1395 271 1451 13.
326 1391 517 1453 Fem.
544 1411 562 1451 ε
620 1389 832 1472 clybot
867 1388 1092 1451 ollone-i
1117 1388 1336 1453 hitheu
1367 1399 1627 1453 ezarwst
1653 1391 1795 1474 kwy
1824 1392 2129 1476 yndyuot.
2164 1393 2350 1454 redeo
2377 1392 2521 1455 οΙιο-

166 1493 271 1555 nei
291 1516 381 1579 yn
411 1517 497 1556 eu
522 1494 779 1578 herbyn
801 1516 836 1555 o
862 1495 1147 1579 lewenyd
1166 1498 1343 1577 (eum
1363 1496 1738 1561 audirentur
1758 1497 1839 1558 ab
1861 1517 1957 1571 ω,
1985 1496 2273 1572 muliere,
2300 1519 2521 1563 eorum

169 1621 418 1680 gressus
464 1599 902 1675 venientium,
935 1614 1200 1665 ventum
1235 1603 1316 1664 ab
1345 1623 1419 1665 ea
1449 1602 1519 1664 in
1546 1624 1769 1665 eorum
1797 1623 2130 1665 occursum
2157 1625 2309 1685 prae
2339 1604 2521 1667 laeti-

173 1703 279 1787 tia)
311 1707 495 1768 Mab.
532 1710 599 1782 2,
637 1711 784 1774 216.
817 1711 961 1768 217.
1021 1708 1200 1775 Plus.
1237 1714 1294 1769 1.
1322 1728 1528 1790 pers.:
1562 1729 1694 1791 yna
1721 1707 1949 1790 ymlad
1971 1730 2257 1771 awnaem
2285 1709 2525 1775 ninneu

172 1832 212 1894 y
240 1833 447 1874 maen.
485 1834 574 1875 ar
595 1812 717 1873 neb
742 1811 890 1874 anei
908 1812 1193 1897 drechaf
1209 1812 1477 1877 ohonam
1501 1835 1542 1875 α
1560 1812 1773 1896 qaffet'
1794 1836 1837 1896 y
1860 1835 2044 1876 maen
2070 1816 2253 1895 (tunc
2275 1802 2526 1897 pugna-

174 1915 376 1980 bimus
421 1938 549 1980 nos
591 1918 676 1978 de
715 1915 927 1999 lapide
957 1928 1022 1980 et
1050 1919 1162 2000 qui
1189 1918 1381 1981 fuerit
1410 1917 1790 1980 fortissimus
1822 1940 1857 1980 e
1886 1919 2092 1994 nobiS‚
2128 1919 2335 2001 capiet
2361 1921 2521 2004 lapi-

178 2022 340 2103 dem)
374 2024 564 2086 Mab.
614 2030 687 2098 1,
728 2029 874 2086 277.
928 2028 989 2085 2.
1024 2045 1231 2105 perS.:
1289 2046 1378 2086 tm
1427 2023 1768 2086 ohonawch
1819 2023 1986 2087 chwi
2032 2046 2138 2086 am
2187 2024 2446 2108 kymero
2498 2027 2530 2090 i
2565 2107 2571 2111 ι

182 2129 368 2208 (unus
415 2150 451 2190 e
495 2127 687 2191 vobis
733 2140 941 2195 sumet
983 2133 1115 2211 me)
1155 2130 1333 2192 Mab.
1376 2136 1448 2205 1,
1485 2134 1590 2190 21.
1644 2135 1704 2191 3.
1747 2149 1956 2212 pers.:
2009 2129 2225 2192 ractal
2259 2152 2374 2193 eur
2416 2154 2521 2195 am

170 2254 337 2312 penn
366 2236 503 2316 pob
554 2257 649 2296 un
690 2234 969 2298 ohommt
999 2234 1298 2315 (frontale
1342 2256 1608 2296 aureum
1640 2233 1880 2296 circum
1909 2244 2102 2316 caput
2131 2233 2412 2315 cujusvis
2441 2258 2524 2299 ΒΧ

185 2336 293 2418 eis)
323 2341 504 2402 Mab.
553 2348 581 2402 1
608 2387 629 2414 ,
669 2345 729 2400 3.
777 2361 851 2400 or
906 2340 1117 2403 diwed
1160 2338 1304 2402 tewi
1343 2340 1668 2403 ohonnunt
1708 2339 1996 2421 (tandem
2045 2339 2237 2400 taceri
2280 2342 2359 2403 ab
2403 2342 2522 2425 eis)

187 2443 351 2506 Mab.
396 2452 454 2521 1,
496 2450 656 2505 248.
717 2444 837 2506 Est
888 2456 1105 2507 tamen
1156 2443 1349 2506 etiam
1399 2466 1514 2526 pro
1567 2444 1729 2507 olion
1780 2442 1982 2505 forma
2032 2453 2220 2506 aucta
2268 2446 2522 2510 ONAD

191 2548 528 2633 (disjuncta
569 2551 733 2614 item
770 2550 1156 2633 interdum):
1205 2549 1424 2632 aphez‘s
1465 2572 1500 2612 o
1542 2547 1680 2611 hali
1718 2549 1929 2634 melyn
1975 2570 2079 2611 am
2113 2550 2226 2630 bop
2256 2572 2343 2612 un
2373 2574 2522 2614 ona-

190 2655 339 2719 dzmt
359 2661 452 2737 (et
485 2657 715 2720 tunica
743 2679 778 2719 e
806 2678 1022 2741 panno
1051 2658 1215 2721 flavo
1243 2657 1482 2722 circum
1511 2656 1796 2738 quemvis
1825 2677 1908 2716 ex
1932 2654 2044 2730 eiS,
2072 2655 2314 2738 pueris)
2339 2659 2517 2721 Mab.

197 2765 249 2835 1,
285 2768 341 2822 3.
392 2762 625 2846 teqach
663 2785 745 2847 ψ·
787 2762 1038 2846 hacraf
1067 2764 1353 2825 onadunt
1380 2762 1523 2845 hwy
1566 2783 1686 2823 nor
1714 2782 1969 2844 vorwyn
2001 2760 2249 2844 deckaf
2266 2763 2521 2842 (sormo-

190 2864 306 2928 sior
345 2871 634 2931 maxime
676 2866 970 2934 deformis
1000 2889 1081 2929 ΒΧ
1110 2866 1223 2942 eiS,
1259 2866 1514 2950 pueIIiS,
1549 2888 1743 2948 quam
1770 2866 1987 2949 puella
2015 2866 2516 2951 formosissima),

195 2971 470 3037 ackweck
517 2974 812 3037 ‹madzmt
838 2973 1167 3057 aqymerth
1198 2995 1283 3057 τις]
1314 2971 1558 3035 march.
1600 3019 1616 3033 .
1661 3019 1675 3033 .
1712 2971 2002 3035 achwech
2032 2971 2218 3034 ereill
2243 2975 2527 3039 onadunt

194 3080 511 3161 aqymertlz
550 3102 637 3164 vy
681 3100 880 3141 arueu
911 3081 1004 3158 (et
1040 3100 1152 3140 sex
1180 3100 1263 3140 ex
1293 3077 1382 3138 eis
1413 3098 1694 3139 sumsere
1724 3098 1981 3159 equum,
2017 3089 2083 3140 et
2109 3099 2224 3140 sex
2253 3078 2413 3143 aliae
2443 3102 2523 3142 ex

198 3182 277 3244 eis
307 3206 594 3248 sumsere
624 3197 1009 3247 armaturam
1036 3187 1271 3265 meam)
1305 3184 1482 3245 Mab.
1525 3190 1583 3258 1,
1614 3189 1676 3243 4.

352 3290 710 3353 Cor-nice
754 3300 819 3352 et
860 3288 1257 3352 armoriae
1301 3288 1458 3351 haec
1500 3286 1882 3370 praepositio
1927 3298 2024 3349 est
2051 3288 2135 3363 A,
2171 3277 2524 3353 destituens

202 3407 521 3473 sequentes
575 3416 905 3470 consonam,
941 3395 1225 3477 ejusdem
1253 3415 1431 3469 usuS,
1469 3393 1653 3475 cujus
1683 3403 1780 3453 est
1808 3392 2043 3453 cambr.
2080 3414 2137 3468 ο,
2173 3395 2254 3455 ad
2284 3394 2525 3476 signifi-

204 3500 461 3563 candum
505 3502 748 3576 locum,
787 3514 1060 3583 tempuS,
1096 3522 1351 3562 causam
1381 3510 1531 3573 ete„
1567 3497 1669 3558 vel
1696 3495 2055 3578 genitivum
2083 3509 2148 3560 et
2177 3498 2526 3563 ablativum

202 3599 458 3668 latinum
500 3617 652 3690 post
694 3606 1115 3680 substantiva,
1168 3603 1497 3687 adjectiva,
1533 3604 1746 3665 verba.
1813 3603 2075 3666 Formae
2118 3616 2341 3668 auctae
2377 3628 2527 3669 cum

203 3711 676 3786 pronominibus
706 3711 954 3773 suffixis
985 3721 1139 3773 sunt
1162 3711 1316 3773 item
1339 3731 1486 3771 cum
1509 3733 1549 3771 a
1573 3731 1746 3771 corn.
1776 3730 2002 3771 armor.
2033 3710 2316 3786 AHAN,
2346 3734 2521 3775 corn.

206 3813 529 3893 ANETH,
568 3840 798 3879 armor.
832 3819 957 3880 AN
964 3818 1072 3879 EZ
1084 3863 1098 3876 .

364 3921 680 4005 Exempla
709 3922 958 3988 comica
989 3919 1293 4003 simplicis
1324 3921 1593 3984 formae:
1631 3943 1729 4005 wy
1761 3943 1802 3982 α
1829 3921 1939 4004 bys
1968 3942 2009 3982 α
2032 3919 2155 3982 kon
2174 3923 2363 4004 yolon
2387 3925 2524 4003 (vos

207 4042 344 4104 rogo
373 4048 406 4087 e
434 4027 613 4090 fideli
646 4029 856 4110 corde)
890 4030 1072 4091 Pass.
1115 4034 1172 4102 1,
1213 4033 1269 4088 1.
1309 4048 1351 4109 y
1383 4049 1425 4089 a
1453 4048 1573 4109 γαρ
1606 4049 1647 4089 a
1678 4027 1822 4088 lena
1853 4048 1978 4109 aya
2008 4027 2129 4110 dry
2162 4029 2189 4107 (
2194 4028 2529 4110 jusserunt

212 4126 355 4191 ferre
397 4153 501 4194 eos
546 4155 629 4196 ex
656 4156 731 4196 eo
770 4134 936 4215 loco)
971 4138 1118 4208 229,
1158 4139 1219 4194 4.
1266 4154 1446 4195 mear
1475 4154 1516 4194 α
1531 4131 1765 4216 pobyll
1781 4155 1980 4215 qanse
2008 4155 2049 4194 α
2083 4133 2372 4216 tkyyhow
2401 4135 2528 4217 hay

211 4254 247 4291 a
280 4236 443 4316 qleth
477 4240 787 4320 (multum
836 4238 1058 4323 populi
1109 4261 1257 4301 cum
1296 4260 1370 4300 eo
1416 4261 1453 4300 a
1498 4240 1760 4302 dextera
1800 4249 1864 4301 et
1906 4260 1946 4300 a
1990 4237 2271 4319 sinistra)
2307 4245 2421 4312 97,
2461 4240 2523 4300 3.

210 4357 373 4401 mear
401 4366 440 4404 a
469 4345 631 4429 beyn
661 4366 702 4406 α
733 4345 1008 4429 wochevy
1042 4344 1347 4425 (multum
1377 4343 1609 4406 doloris
1642 4344 1894 4426 tolerat)
1930 4351 2033 4419 54,
2077 4350 2133 4404 1.
2170 4343 2328 4424 qlan
2360 4342 2471 4423 off
2486 4363 2528 4403 a

214 4462 364 4527 woys
403 4471 487 4512 an
517 4451 772 4516 dromas
803 4453 1029 4533 (purus
1061 4435 1204 4514 sum
1233 4473 1271 4515 a
1301 4449 1615 4533 sanguine
1655 4449 1776 4512 viri
1803 4447 2012 4532 probi)
2051 4453 2194 4522 149,
2233 4452 2293 4507 2.
2359 4446 2526 4508 Cum
