3150 5242
728 406 846 468 IV.
887 410 945 466 2.
1024 425 1586 468 PRAEP081T10NES
1619 425 2092 468 BRITANNICAE.
2461 406 2582 465 647

402 574 757 667 Cornice
808 576 1029 638 eodem
1072 576 1260 638 modo
1303 576 1662 650 GORTH,
1715 575 2059 637 WORTH
2107 573 2335 654 (rarius
2382 576 2575 655 orth).

240 682 628 765 significans
675 689 917 756 contra,
962 682 1286 756 adversus,
1323 701 1579 743 versus.-
1621 703 1740 764 ray
1785 702 1920 743 own
1964 680 2065 743 the
2110 681 2335 764 ἄνομος
2381 681 2580 744 worth

234 811 415 873 meyn
450 788 557 851 tlte
588 787 818 871 dotlzye
842 790 1020 869 (prae
1045 786 1289 862 timore,
1320 809 1400 849 ne
1425 788 1615 869 pedes
1641 786 1736 849 tui
1759 796 1978 849 contra
2002 785 2242 868 lapides
2268 788 2579 867 ferantur)

234 897 413 957 Pass,
453 900 558 969 14,
592 900 651 955 3.
690 891 887 955 worth
918 893 1118 976 Pylat
1145 914 1249 954 sor
1280 894 1608 973 (adversus
1643 894 1717 955 P.
1753 892 1874 973 ira)
1906 899 2047 967 110,
2083 899 2139 953 1.
2177 914 2295 976 ray
2319 915 2581 976 ιᾳθνθηεε

230 999 434 1062 worth
477 999 626 1061 mab
674 999 795 1061 den
828 999 1005 1080 (prae
1047 1020 1257 1062 amore
1299 1019 1514 1060 versus
1545 998 1755 1061 filium
1784 998 2089 1080 hominis)
2125 1004 2272 1073 227,
2313 1006 2372 1060 4.
2439 1001 2571 1074 Ad,

230 1107 430 1189 apud,
472 1127 617 1168 cum
638 1133 658 1168 .-
691 1103 892 1167 worth
922 1106 1113 1166 Jews
1143 1105 1225 1187 ef
1242 1127 1281 1166 a
1308 1125 1555 1188 yowsas
1589 1105 1697 1184 (ad
1726 1106 1951 1168 Jesum
1982 1104 2171 1186 dixit)
2206 1111 2310 1180 92,
2359 1113 2410 1166 1.
2461 1106 2581 1166 ord

229 1235 311 1275 an
337 1233 582 1296 qrowS,
612 1210 813 1273 worth
837 1232 922 1273 an
940 1231 1148 1293 qrows
1174 1211 1282 1291 (ad
1306 1230 1579 1285 crucem,
1609 1231 1862 1286 manuS‚
1891 1213 2082 1294 pedes
2107 1211 2311 1293 affixi)
2343 1218 2486 1286 179,
2515 1218 2572 1273 2.

232 1327 289 1381 4.
327 1324 481 1393 180,
520 1323 578 1379 1.
614 1314 816 1380 worth
844 1339 886 1400 y
918 1318 1107 1401 dreys
1136 1315 1222 1378 ka
1252 1315 1452 1379 worth
1481 1339 1523 1400 y
1555 1316 1669 1379 ben
1700 1316 1787 1379 ha
1816 1300 1952 1379 war
1977 1317 2043 1379 ol
2064 1339 2106 1400 y
2124 1318 2296 1401 ρον]
2308 1340 2396 1401 yn
2419 1318 2581 1380 wella

231 1426 338 1505 (ad
381 1424 527 1507 ejus
570 1424 761 1506 pedes
804 1434 868 1485 et
897 1423 978 1485 ad
1009 1422 1145 1505 ejus
1176 1433 1368 1505 caput
1399 1432 1463 1484 et
1494 1444 1685 1505 super
1714 1443 1902 1484 omne
1931 1421 2067 1504 ejus
2098 1426 2325 1504 cor'pus
2358 1423 2572 1497 etiam,

227 1529 453 1613 posuit
483 1538 767 1593 aromata
790 1528 1208 1610 Nicodemus)
1237 1534 1383 1604 236,
1418 1534 1477 1590 3.
1514 1527 1714 1590 worth
1747 1528 1903 1611 dytk
1921 1528 2130 1610 pasch
2155 1527 2285 1609 (die
2314 1530 2576 1612 pascha-

230 1637 342 1717 tis)
387 1641 537 1712 124,
576 1642 636 1697 3.
683 1634 884 1698 worth
928 1657 1011 1697 an
1054 1634 1141 1697 les
1183 1657 1225 1718 y
1268 1657 1307 1695 α
1340 1634 1544 1697 dollas
1575 1636 1752 1719 dewy
1784 1634 1923 1697 doll
1949 1635 2331 1715 (secundum
2361 1634 2578 1697 latitu-

228 1742 454 1805 dinem
487 1740 777 1804 forarunt
806 1741 936 1802 duo
966 1740 1302 1821 foramina)
1335 1746 1477 1815 178,
1512 1744 1571 1801 2.
1612 1740 1756 1803 then
1787 1760 2041 1824 marrey
2065 1739 2264 1803 worth
2287 1763 2329 1824 y
2353 1739 2577 1803 kanow

224 1872 266 1933 y
300 1870 342 1911 a
365 1846 615 1932 yryhys
641 1845 860 1928 (militi
882 1868 1028 1909 cum
1053 1845 1189 1928 ejus
1213 1845 1472 1908 nomine
1495 1847 1908 1927 mandarunt)
1937 1851 2081 1921 218,
2108 1850 2170 1911 2.
2220 1846 2337 1908 Est
2358 1844 2572 1920 etiam,

229 1966 304 2017 ut
332 1975 561 2036 praep.
598 1975 739 2036 ray,
775 1974 889 2035 pro
935 1952 1075 2015 the.-
1119 1951 1324 2035 ytkew
1364 1951 1612 2035 sm·qus
1659 1952 1763 2014 bos
1804 1951 1967 2015 eleth
2012 1951 2212 2015 worth
2246 1953 2346 2016 the
2375 1951 2580 2036 wythe

230 2062 359 2141 (est
393 2058 705 2141 scriptum
735 2078 873 2119 esse
903 2057 1160 2140 angelos
1192 2058 1271 2118 ad
1305 2067 1367 2133 te
1398 2058 1806 2137 servandum)
1845 2064 1944 2133 14,
1986 2061 2044 2119 2.
2281 2139 2290 2144 -

408 2164 711 2226 Formula
745 2163 846 2226 the
874 2164 1076 2226 worth
1108 2166 1221 2244 (==
1249 2164 1484 2226 cambr.
1520 2186 1563 2247 y
1594 2162 1821 2245 wrth):
1876 2163 2154 2226 lavarow
2185 2164 2271 2225 da
2303 2162 2450 2226 athe
2482 2162 2581 2225 the

229 2270 439 2334 worth
488 2291 573 2331 an
621 2270 873 2331 dremas
906 2270 1121 2350 (verba
1165 2271 1332 2331 bona
1378 2290 1539 2350 quae
1581 2267 1851 2331 veniunt
1895 2290 1933 2331 a
1973 2267 2107 2331 viro
2136 2269 2360 2351 probo)
2396 2271 2572 2332 Pass,

240 2383 341 2452 12,
384 2382 446 2437 2.
503 2375 605 2440 the
645 2374 845 2437 worth
888 2397 971 2438 an
1012 2377 1130 2438 das
1169 2374 1332 2437 eleth
1364 2377 1430 2455 (a
1468 2385 1646 2457 patre
1687 2375 1933 2457 angeli,
1983 2373 2188 2455 missi)
2227 2380 2326 2449 18,
2366 2381 2427 2436 4.
2480 2374 2582 2436 the

232 2482 441 2546 worth
487 2502 574 2543 an
616 2480 756 2544 beth
796 2503 880 2545 an
922 2502 1105 2565 meyn
1153 2502 1259 2544 ma
1285 2503 1386 2562 pu
1416 2503 1458 2543 a
1487 2480 1745 2566 omellys
1777 2481 1841 2561 (a
1873 2481 2161 2563 sepulcro
2190 2480 2306 2542 hos
2338 2480 2578 2562 lapides

230 2588 378 2673 quis
410 2585 679 2650 removit
695 2586 748 2670 ἲ)
783 2592 929 2663 253,
967 2593 1027 2649 4.

409 2695 580 2756 Cum
623 2692 1106 2775 pronominibus
1149 2692 1397 2756 suffixis
1427 2693 1783 2756 coalescens
1815 2692 2218 2777 praepositio.
2289 2691 2470 2774 Sing.
2518 2699 2571 2753 1.

229 2822 443 2883 pers:
481 2821 624 2881 pan
669 2800 793 2861 dra
838 2821 880 2861 a
921 2820 1127 2862 woven
1172 2808 1295 2862 tese
1341 2798 1442 2861 tlte
1486 2798 1807 2884 wortkaff
1827 2822 1897 2863 ve
1928 2799 2012 2881 (si
2042 2798 2196 2881 quid
2226 2797 2474 2880 quaeris
2507 2807 2578 2859 tu

230 2908 313 2969 de
344 2907 478 2983 me)
515 2906 591 2967 P.
629 2910 734 2980 80,
777 2911 835 2968 1.
881 2910 941 2967 2.
988 2926 1195 2988 pers:
1244 2926 1330 2988 ny
1377 2927 1463 2967 an
1492 2926 1739 2986 pernas
1784 2905 1886 2970 the
1926 2905 2201 2990 wortkys
2240 2908 2383 2985 (nos
2431 2924 2579 2965 eum

231 3012 511 3076 emimus
557 3033 595 3073 a
637 3012 729 3091 te)
766 3016 910 3088 105,
951 3015 1010 3074 2.
1066 3017 1124 3074 3.
1159 3032 1363 3094 pers.:
1415 3018 1548 3073 orto
1578 3012 1768 3073 Jesus
1811 3032 2124 3094 ayowsas
2156 3010 2264 3092 (ad
2294 3031 2443 3072 eum
2471 3009 2577 3070 Je-

233 3140 345 3182 sus
378 3116 571 3197 dixit)
607 3122 710 3192 80,
750 3123 812 3178 4.
862 3125 1052 3180 worto
1076 3117 1234 3200 fast
1259 3138 1505 3199 navnqo
1539 3117 1764 3202 ylenys
1796 3117 1884 3200 (ei
1924 3139 2057 3180 non
2084 3119 2266 3180 firme
2307 3127 2442 3179 erat
2471 3117 2576 3179 ad-

234 3233 479 3308 aptata,
517 3221 739 3304 vestis)
779 3229 923 3300 176,
961 3229 1022 3286 3.
1073 3221 1248 3306 deqis
1292 3244 1380 3286 na
1424 3244 1495 3285 ve
1541 3222 1644 3285 the
1675 3229 1866 3286 worto
1891 3223 2081 3305 qulas
2110 3222 2238 3305 ”ff
2255 3225 2416 3304 (non
2446 3233 2579 3284 erat

235 3340 527 3392 sumtum
563 3330 643 3391 de
687 3349 762 3391 eo
786 3349 1057 3410 regnum
1087 3329 1272 3411 coeli)
1307 3334 1410 3404 23,
1452 3335 1511 3389 4.
1565 3328 1745 3390 Plur.
1785 3335 1844 3391 3.
1880 3350 2086 3410 pers.:
2142 3327 2243 3391 the
2273 3337 2463 3391 worte
2493 3351 2578 3390 zm

236 3437 371 3500 lam
411 3435 655 3519 beqhan
695 3433 913 3518 ytheth
944 3436 1051 3515 (ab
1081 3434 1159 3497 iis
1191 3434 1470 3518 spatium
1500 3456 1764 3516 parvum
1797 3433 1974 3510 abiit,
2011 3457 2049 3497 a
2079 3433 2433 3518 discipulis)
2470 3441 2572 3509 53,

236 3549 304 3604 3.
334 3542 526 3604 Jews
568 3548 762 3603 worto
807 3563 848 3603 α
876 3541 1067 3604 ἰοθῖα3
1100 3542 1192 3622 (J.
1227 3561 1445 3605 versus
1477 3562 1583 3603 eas
1614 3539 1794 3616 vidit,
1832 3563 2049 3604 versus
2079 3539 2411 3614 mulieres3
2447 3540 2572 3623 leg.

232 3656 428 3710 worte
446 3648 508 3728 .P)
549 3653 692 3722 168,
734 3651 794 3709 2.

407 3751 828 3816 Armorica
870 3751 1155 3835 ejusdem
1182 3752 1681 3835 ,praepositionis
1726 3752 1926 3815 forma
1969 3754 2255 3837 putanda
2296 3764 2393 3816 est
2433 3755 2571 3829 OZ,

233 3860 415 3923 OUZ
445 3859 657 3939 (OUT
681 3880 829 3920 cum
858 3858 1340 3942 pronominibus
1372 3856 1622 3921 suffixis
1650 3865 1709 3921 3.
1738 3862 1897 3942 ps.),
1925 3881 2189 3921 excussa
2220 3881 2368 3943 ergo
2399 3881 2435 3921 ν
2464 3882 2578 3942 pro

230 3986 364 4040 orz,
401 3975 598 4037 ww,-
634 3973 788 4027 sunt
817 3963 989 4027 enim
1018 3964 1275 4027 eaedem
1304 3964 1823 4047 significationes,

405 4071 724 4154 Exempla
752 4092 787 4132 e
817 4069 990 4134 Buh.
1014 4093 1028 4132 z
1070 4070 1307 4154 nedoff
1322 4093 1391 4133 oz
1421 4093 1541 4152 nep
1571 4094 1643 4133 re
1672 4071 1910 4135 disleal
1935 4075 2094 4152 (non
2125 4093 2268 4133 sum
2299 4071 2577 4154 injustus

232 4198 454 4240 versus
497 4176 804 4259 aliquem)
843 4184 984 4253 144,
1025 4183 1129 4239 20.
1180 4176 1231 4239 it
1275 4177 1530 4241 bremam
1573 4200 1645 4239 oz
1686 4201 1771 4241 an
1816 4186 1963 4241 mou
1995 4178 2110 4258 (ite
2155 4200 2329 4240 nunc
2359 4198 2602 4266 versus⁴

234 4284 492 4358 vallem,
531 4283 856 4365 deorsum)
895 4290 1038 4360 144,
1079 4288 1181 4345 23.
1228 4284 1378 4346 decet
1415 4305 1557 4365 omp
1601 4286 1687 4347 da
1730 4305 1938 4365 comps
1984 4306 2061 4347 en
2098 4283 2364 4366 brqffoz
2393 4284 2576 4365 Devy

235 4389 563 4471 (venimus
609 4390 692 4451 ad
738 4387 1127 4470 loquendum
1167 4387 1438 4452 breviter
1467 4391 1548 4452 ad
1579 4389 1920 4472 Davidem)
1959 4396 2100 4464 184,
2146 4394 2244 4450 12.
2291 4388 2405 4450 doe
2428 4385 2581 4469 quir

230 4518 385 4560 roen
421 4497 523 4559 bet
550 4493 755 4560 distre
783 4517 863 4557 vn
894 4505 989 4559 tro
1021 4518 1136 4559 ouz
1165 4518 1250 4558 an
1282 4495 1447 4559 brois
1479 4497 1687 4577 (deus,
1725 4519 1837 4559 rex
1865 4516 2008 4558 vere
2038 4492 2286 4567 mundi,
2321 4490 2581 4555 vertaris
