3150 5242
635 412 753 476 VI.
794 415 851 472 2.
909 430 1352 475 coNsTRtJC‘rlo
1383 425 1661 472 POETICA
1695 421 2125 468 BRITANNICA.
2395 401 2519 461 949

647 609 680 644 α
714 586 720 665 l
747 587 903 644 serch
936 586 996 643 in
1027 585 1249 642 sinhuir
1282 551 1371 665 “a
1399 584 1510 644 bun
1544 579 1551 661 Ι
1580 582 1768 658 hyqar
1801 576 1807 659 Ι
1835 580 1967 637 huit

645 711 678 746 a
712 689 874 746 llo-sci
891 688 1058 762 pimp
1089 689 1223 744 kaer
1255 681 1276 767 ΙΙ
1310 694 1403 762 oty
1437 684 1555 741 uetz'
1584 684 1707 740 wir.

395 799 735 867 “Extollam
766 827 873 883 ego
904 807 1215 882 duplicem,
1256 811 1348 862 est
1377 823 1531 861 unus
1563 810 1624 860 et
1652 803 1789 872 du0,
1829 810 1921 859 est
1951 808 2068 858 tres
2102 786 2259 856 etc.³'

362 958 531 1019 Infra
559 960 750 1021 modo
779 958 1060 1019 inverso:

388 1104 733 1172 “Extollam
763 1134 964 1183 unum,
1005 1119 1096 1170 est
1124 1112 1343 1186 duplex
1374 1118 1433 1169 et
1460 1131 1636 1179 unuS,

394 1226 481 1274 est
510 1218 724 1292 triplex
756 1236 931 1291 super
960 1234 1087 1284 noe,
1128 1223 1218 1272 est
1248 1215 1392 1270 deus
1423 1214 1571 1288 ipse.

394 1320 556 1377 Fecit
586 1320 743 1375 diem
775 1319 981 1375 Martis
1013 1326 1072 1374 et
1102 1319 1306 1373 Lunae
1339 1322 1398 1372 et
1426 1317 1753 1373 masculum
1784 1322 1843 1370 et
1873 1314 2146 1369 feminam
2181 1322 2290 1368 ctc.

393 1422 530 1479 fecit
561 1422 816 1479 calidum
847 1426 906 1476 et
935 1420 1209 1494 frigidum
1239 1425 1299 1475 et
1330 1418 1513 1474 solem
1544 1426 1604 1474 et
1631 1418 1833 1473 lunam
1863 1402 2020 1472 εἰς.»

204 1570 394 1630 eadem
436 1591 623 1653 porro
670 1566 1089 1630 enarrationis
1119 1566 1313 1649 longa
1342 1576 1406 1627 et
1433 1564 1750 1627 indefessa
1780 1561 2281 1635 continuatione,
2322 1572 2392 1622 ut
2424 1571 2518 1621 est

201 1675 597 1738 assonantiae.

344 1780 508 1844 Sunt
550 1782 833 1843 membra
867 1779 1149 1861 quinque
1181 1778 1592 1860 syllabarum.
1656 1775 2046 1840 Assonantia
2075 1772 2287 1835 finalis
2319 1773 2516 1843 conti-

200 1896 372 1947 nuata
413 1898 510 1949 est
541 1887 824 1970 primum
854 1907 929 1947 eu
961 1906 1073 1966 per
1103 1893 1377 1966 quatuor
1406 1905 1648 1959 versus,
1686 1883 1833 1946 dein
1865 1882 1894 1944 i
1920 1904 2031 1964 per
2063 1902 2289 1955 unum,
2327 1892 2518 1960 atque

200 2009 269 2049 zm
295 2001 355 2052 et
392 1991 498 2053 uir
541 1992 780 2054 iterum
810 2012 921 2072 per
949 1989 1191 2072 plures.
1258 1990 1648 2052 Assonantia
1678 1988 1942 2051 initialis
1975 1987 2262 2069 neglecta
2295 1998 2390 2047 est
2421 1986 2516 2047 iu-

199 2096 442 2173 terdum,
482 2097 552 2158 in
582 2097 878 2180 pluribus
912 2107 1125 2158 tamen
1155 2094 1341 2156 facile
1372 2090 1796 2177 cognoscitur.

341 2202 666 2265 Orationis
706 2202 938 2284 ligatae
985 2201 1205 2263 eadem
1250 2200 1637 2263 constructio
1684 2223 1831 2262 cum
1876 2199 2043 2262 adsit
2074 2211 2206 2261 tam
2238 2200 2516 2259 secunda

192 2316 373 2368 aetate
413 2307 677 2389 linguae
724 2306 1072 2368 cambricae
1107 2328 1299 2388 quam
1329 2305 1556 2389 prima,
1594 2316 1669 2368 ut
1697 2307 1878 2369 adest
1906 2306 1977 2367 in
2006 2303 2275 2367 vetustis
2310 2303 2514 2365 hiber-

189 2409 329 2473 nicis
367 2412 826 2487 monumentiS,
864 2411 1006 2493 quis
1052 2411 1399 2494 negaverit,
1436 2434 1577 2474 eam
1619 2433 1755 2474 esse
1786 2409 2284 2474 vetustissimam
2315 2431 2513 2491 eaque

189 2537 316 2578 usos
360 2540 492 2581 esse
534 2528 823 2581 vetustos
869 2521 1110 2599 po'etaS,
1163 2538 1433 2600 quorum
1480 2517 1741 2579 nomina
1787 2517 1959 2599 apud
2005 2517 2307 2578 Cambros
2353 2515 2510 2578 cele-

188 2623 449 2703 brantur,
485 2624 918 2699 Aneurinum,
956 2623 1393 2686 Taliesinum?

334 2732 674 2807 Aneurini,
703 2736 924 2813 poetae
955 2729 1371 2792 vetustissimi
1393 2728 1560 2791 inter
1585 2741 1868 2793 vetustos
1896 2731 2091 2811 (inter
2121 2729 2504 2815 Oynfeirdd,

192 2837 405 2900 Bardos
450 2836 810 2921 primitivos
830 2861 847 2910 3
900 2847 1174 2898 aetatem
1219 2835 1355 2918 ejus
1401 2835 1482 2897 ab
1527 2858 1586 2897 a.
1628 2842 1747 2896 510
1782 2858 1984 2918 usque
2014 2838 2095 2899 ad
2130 2843 2249 2897 560
2285 2835 2510 2897 statuit

187 2938 357 3004 index
396 2949 731 3026 poetarum
772 2942 840 3004 in
876 2944 1052 3024 Myv.
1092 2941 1355 3022 Arch.),
1407 2963 1660 3003 carmen
1704 2940 2086 3024 inscriptum
2137 2941 2456 3017 Gododz'n‚
2479 2941 2509 2974 '¹‘

188 3131 580 3140 &wo-...—

305 3249 329 3272 ⁴
362 3248 699 3302 Postulanda
733 3256 816 3302 est
852 3248 1073 3317 scriptio
1111 3247 1376 3299 hodierna
1407 3249 1687 3316 qododdin‚
1728 3248 1765 3299 i.
1796 3264 1843 3299 e.
1874 3246 2234 3315 subliquidu3‚
2266 3265 2297 3298 a
2332 3248 2503 3299 subst-

189 3329 283 3399 adj.
313 3336 495 3398 tawdd,
539 3334 738 3403 liquor,
767 3332 1026 3402 liquidus,
1057 3340 1113 3385 et
1150 3338 1363 3385 vetusta
1396 3334 1668 3401 quotodin.
1722 3333 1973 3386 Occurrit
2008 3332 2141 3385 haec
2177 3334 2324 3402 apud
2360 3334 2506 3386 Nen-

162 3414 318 3492 ¹nium
355 3418 410 3471 in
445 3419 666 3472 nomine
690 3418 930 3488 regionis
955 3436 987 3471 a
1009 3436 1138 3488 rege
1161 3418 1469 3471 nominatae
1499 3420 1606 3489 (ed.
1637 3419 1969 3482 San-Marte,
1998 3437 2053 3487 p.
2084 3421 2196 3489 72):
2242 3416 2507 3471 “Mailcu-

188 3517 275 3553 nus
298 3521 520 3574 magnus
546 3522 642 3557 rex
668 3504 811 3573 apud
839 3504 1115 3556 Brittones
1138 3503 1418 3573 regnabat,
1446 3504 1503 3556 id
1529 3513 1627 3568 est,
1652 3505 1706 3558 in
1732 3505 1955 3574 regione
1982 3504 2352 3569 Guenedotae,
2383 3504 2509 3575 quia

185 3592 351 3641 atavus
389 3589 554 3654 illius,
586 3589 644 3642 id
670 3596 767 3652 est,
800 3588 1077 3657 Cunedag,
1108 3606 1230 3640 cum
1256 3589 1380 3641 filiis
1405 3591 1536 3654 suis,
1568 3608 1798 3660 quorum
1824 3607 2081 3643 numerus
2107 3598 2229 3644 octo
2256 3599 2388 3654 erat,
2419 3609 2506 3642 ve-

184 3680 317 3725 nerat
350 3675 499 3743 prius
537 3676 605 3728 de
641 3681 836 3743 parte
884 3672 1290 3736 sinistrali,
1321 3673 1378 3726 id
1417 3682 1515 3739 est,
1547 3676 1615 3728 de
1638 3674 1860 3745 regione
1886 3693 2022 3745 quae
2048 3683 2269 3729 vocatur
2294 3677 2508 3728 stlanau

190 3755 480 3811 Guotodin.''
537 3761 689 3813 Haec
723 3761 875 3830 regio
914 3759 972 3810 in
1008 3765 1159 3826 parte
1200 3757 1476 3824 sinistrali,
1507 3761 1544 3811 i.
1574 3778 1622 3812 e.
1653 3761 2062 3830 septentrionali
2091 3761 2238 3830 (cled,
2270 3759 2503 3823 sinister,

180 3842 362 3908 yocled,
402 3844 755 3916 septentrio),
797 3862 829 3896 a
861 3843 1161 3896 Venedotia
1180 3883 1192 3905 ,
1237 3861 1374 3912 quae
1410 3852 1493 3897 est
1529 3845 1777 3898 Cambria
1815 3845 2282 3915 septentrionaliS,
2322 3864 2505 3899 versus

183 3928 598 3992 septentrionem,
629 3929 874 3998 putanda
912 3936 995 3981 est
1020 3927 1369 3980 Cambrorum
1410 3938 1651 3982 extrema
1685 3930 1836 3999 regio
1869 3931 1925 3983 in
1953 3931 2337 4000 septentrione,
2369 3949 2506 4000 quae

184 4006 323 4062 hodie
349 4032 563 4083 quoque
589 4015 788 4066 dicitur
813 4013 1176 4065 Cumberland
1202 4013 1304 4066 sita
1317 4013 1479 4083 juxta
1503 4033 1649 4067 mare
1675 4015 2028 4080 hibernicum,
2051 4025 2105 4069 et
2120 4018 2236 4087 jam
2261 4017 2315 4068 in
2338 4017 2504 4069 Chro-

186 4092 291 4146 nico
314 4099 565 4150 saxonico
592 4099 660 4150 ad
684 4116 733 4150 a.
765 4102 884 4161 945,
920 4102 1050 4150 1000
1083 4099 1461 4151 Cambraland.
1514 4100 1585 4151 Ei
1611 4101 1862 4170 opposita
1886 4109 1969 4155 est
1993 4103 2062 4155 ad
2086 4102 2218 4157 litus
2244 4103 2504 4155 orientale

184 4179 315 4246 regio
339 4183 641 4252 Anglorum
682 4182 1183 4252 septentrionalium
1223 4183 1367 4235 dicta
1391 4184 1445 4236 N
1447 4184 1895 4240 orthumberland
1933 4188 2001 4239 ab
2027 4188 2278 4241 Humbro
2315 4189 2499 4252 fluvi0,

181 4260 334 4317 divisa
369 4267 425 4320 in
463 4268 701 4320 minores
741 4268 893 4330 duas„
925 4268 1227 4320 Berniciam
1268 4275 1322 4320 et
1346 4270 1567 4322 Deiram
1597 4270 1881 4340 (cambrice
1907 4290 1993 4343 ap.
2022 4273 2077 4327 N
2079 4275 2299 4327 ennium
2325 4276 2499 4338 Deum

183 4345 425 4404 Berneioh
448 4354 534 4407 vel
559 4353 859 4422 Birneich).

298 4435 360 4487 In
409 4438 474 4490 iis
522 4438 837 4508 regionibus
872 4437 1015 4490 facta
1047 4446 1177 4490 sunt
1212 4456 1349 4507 quae
1385 4456 1600 4492 carmen
1633 4441 1737 4494 hoc
1774 4443 2026 4496 celebrat.
2092 4444 2318 4514 Legitur
2360 4447 2502 4497 enim

177 4519 304 4583 apud
326 4520 603 4576 Nennium
638 4523 862 4596 (p.·72)=
913 4520 1053 4575 “Ida
1090 4523 1234 4577 filius
1259 4524 1452 4578 Eobba
1487 4526 1666 4579 tenuit
1700 4529 1951 4598 regiones
1988 4530 2045 4583 in
2069 4530 2326 4584 sinistrali
2352 4540 2502 4597 parte
